=LDR  01219ntm a2200313I  4500
=001  uab09267437
=003  UAB
=005  20140911110251.0
=006  m|||||o||d||||||||
=007  cr||||||||||||
=008  140911t19731973xx\adf\\obm\\\000\0\eng\d
=040  \\$aUAB$beng$erda$cUAB
=050  \4$aTK7872.F5$bA76 1973
=090  \\$aInternet Access$bAEU
=100  1\$aArnalds, Ari,$eauthor.
=245  13$aAn optical matched filter generated by a computer /$cby Ari Arnalds.
=264  \1$c[1973]
=264  \4$c©1973
=300  \\$a1 online resource (x, 107 pages) :$billustrations
=336  \\$atext$btxt$2rdacontent
=337  \\$acomputer$bc$2rdamedia
=338  \\$aonline resource$bcr$2rdacarrier
=500  \\$a"A thesis submitted to the Faculty of Graduate Studies and Research in partial fulfilment of the requirements for the degree of Master of Science in Electrical Engineering, Department of Electrical Engineering."
=502  \\$bM. Sc.$cUniversity of Alberta$d1973.
=504  \\$aIncludes bibliographical references (pages 96-97).
=650  \0$aElectric filters, Digital.
=650  \0$aDigital filters (Mathematics)
=710  2\$aUniversity of Alberta.$bDepartment of Electrical Engineering.
=900  \\$aMK17434
=949  \\$zUAIN$zETHESIS

