=LDR  01336ntm a2200349I  4500
=001  uab09267492
=003  UAB
=005  20140911124939.0
=006  m|||||o||d||||||||
=007  cr||||||||||||
=008  140911t19731973xx\\\\\\obm\\\000\0\eng\d
=040  \\$aUAB$beng$erda$cUAB
=043  \\$an-cn-ab
=050  \4$aGV711$b.B35 1973
=090  \\$aInternet Access$bAEU
=100  1\$aBain, Robert Bruce,$eauthor.
=245  10$aAuthoritarian measures in Canadian coaches /$cby Robert Bruce Bain.
=264  \1$c[1973]
=264  \4$c©1973
=300  \\$a1 online resource (xi, 137 pages)
=336  \\$atext$btxt$2rdacontent
=337  \\$acomputer$bc$2rdamedia
=338  \\$aonline resource$bcr$2rdacarrier
=502  \\$bM.A.$cUniversity of Alberta$d1973.
=500  \\$a"A thesis submitted to the Faculty of Graduate Studies and Research in partial fulfilment of the requirements for the degree of Master of Arts, Department of Physical Education."
=504  \\$aIncludes bibliographical references (pages 104-[110]).
=590  \\$aLibrary copy imperfect: faded throughout.
=650  \0$aCoaches (Athletics)$zAlberta $zEdmonton$xPsychology.
=650  \0$aAuthoritarianism$zAlberta $zEdmonton.
=650  \0$aHigh schools$zAlberta $zEdmonton.
=710  2\$aUniversity of Alberta.$bDepartment of Physical Education.
=900  \\$aMK17441
=949  \\$zUAIN$zETHESIS

