=LDR  01198ntm a2200313I  4500
=001  uab09267583
=003  UAB
=005  20140911141338.0
=006  m|||||o||d||||||||
=007  cr||||||||||||
=008  140911t19731973xx\df\\\obm\\\000\0\eng\d
=040  \\$aUAB$beng$erda$cUAB
=050  \4$aBF723.M4$bB43 1973
=090  \\$aInternet Access$bAEU
=100  1\$aBebko, James Mark,$eauthor.
=245  10$aVerbal production deficiencies and the role of memory development in children /$cby James Mark Bebko.
=264  \1$c[1973]
=264  \4$c©1973
=300  \\$a1 online resource (ix, 43, 43a, 44-66 pages) :$billustrations
=336  \\$atext$btxt$2rdacontent
=337  \\$acomputer$bc$2rdamedia
=338  \\$aonline resource$bcr$2rdacarrier
=502  \\$bM. Sc.$cUniversity of Alberta$d1973.
=500  \\$a"A thesis submitted to the Faculty of Graduate Studies and Research in partial fulfilment of the requirements for the degree of Master of Science, Department of Psychology."
=504  \\$aIncludes bibliographical references (pages 54-55).
=650  \0$aMemory in children.
=650  \0$aVerbal learning.
=710  2\$aUniversity of Alberta.$bDepartment of Psychology.
=900  \\$aMK17447
=949  \\$zUAIN$zETHESIS

