=LDR  01201ntm a2200313I  4500
=001  uab09267627
=003  UAB
=005  20140911144453.0
=006  m|||||o||d||||||||
=007  cr||||||||||||
=008  140911t19731973xx\adf\\obm\\\000\0\eng\d
=040  \\$aUAB$beng$erda$cUAB
=050  \4$aQP106.2$b.B44 1973
=090  \\$aInternet Access$bAEU
=100  1\$aBehan, Stephan,$eauthor.
=245  10$aExperimental investigation of the blood flow characteristics in the aortic arch /$cby Stephan Behan.
=264  \1$c[1973]
=264  \4$c©1973
=300  \\$a1 online resource (xv, 102 pages) :$billustrations
=336  \\$atext$btxt$2rdacontent
=337  \\$acomputer$bc$2rdamedia
=338  \\$aonline resource$bcr$2rdacarrier
=502  \\$bM. Sc.$cUniversity of Alberta$d1973.
=500  \\$a"A thesis submitted to the Faculty of Graduate Studies and Research in partial fulfilment of the requirements for the degree of Master of Science, Department of Mechanical Engineering."
=504  \\$aIncludes bibliographical references (pages 82-85).
=650  \0$aAorta$xPhysiology.
=650  \0$aBlood flow.
=710  2\$aUniversity of Alberta.$bDepartment of Mechanical Engineering.
=900  \\$aMK17449
=949  \\$zUAIN$zETHESIS

