=LDR  01214ntm a2200313I  4500
=001  uab09267643
=003  UAB
=005  20140911145430.0
=006  m|||||o||d||||||||
=007  cr||||||||||||
=008  140911t19731973xx\abdf\obm\\\000\0\eng\d
=040  \\$aUAB$beng$erda$cUAB
=043  \\$an------
=050  \4$aQC940.N67$bB47 1973
=090  \\$aInternet Access$bAEU
=100  1\$aBerry, Richard L.,$eauthor.
=245  14$aThe ageostrophic wind component over the Western Cordillera :$btwo case studies /$cby Richard L. Berry.
=264  \1$c[1973]
=264  \4$c©1973
=300  \\$a1 online resource (xii, 81 pages) :$billustrations, maps
=336  \\$atext$btxt$2rdacontent
=337  \\$acomputer$bc$2rdamedia
=338  \\$aonline resource$bcr$2rdacarrier
=502  \\$bM. Sc.$cUniversity of Alberta$d1973.
=500  \\$a"A thesis submitted to the Faculty of Graduate Studies and Research in partial fulfilment of the requirements for the degree of Master of Science in Meteorology, Department of Geography."
=504  \\$aIncludes bibliographical references (pages 63-64).
=650  \0$aWinds$zNorth American Cordillera.
=710  2\$aUniversity of Alberta.$bDepartment of Geography.
=900  \\$aMK17453
=949  \\$zUAIN$zETHESIS

