=LDR  01253ntm a2200313I  4500
=001  uab09267693
=003  UAB
=005  20140911153549.0
=006  m|||||o||d||||||||
=007  cr||||||||||||
=008  140911t19731973xx\adf\\obm\\\000\0\eng\d
=040  \\$aUAB$beng$erda$cUAB
=050  \4$aHV5045$b.B63 1973
=090  \\$aInternet Access$bAEU
=100  1\$aBoddez, Gordon J.,$eauthor.
=245  14$aThe effects of employment status on some psychological correlations of alcoholism /$cby Gordon J. Boddez.
=264  \1$c[1973]
=264  \4$c©1973
=300  \\$a1 online resource (xi, 133 pages) :$billustrations
=336  \\$atext$btxt$2rdacontent
=337  \\$acomputer$bc$2rdamedia
=338  \\$aonline resource$bcr$2rdacarrier
=500  \\$a"A thesis submitted to the Faculty of Graduate Studies and Research in partial fulfilment of the requirements for the degree of Master of Business Administration, Faculty of Business Administration."
=502  \\$bM.B.A.$cUniversity of Alberta$d1973.
=504  \\$aIncludes bibliographical references (pages 119-124).
=650  \0$aAlcoholism$xPsychological aspects.
=650  \0$aAlcoholism and employment.
=710  2\$aUniversity of Alberta.$bFaculty of Business Administration.
=900  \\$aMK17458
=949  \\$zUAIN$zETHESIS

