=LDR  01287ntm a2200325I  4500
=001  uab09267714
=003  UAB
=005  20140911154814.0
=006  m|||||o||d||||||||
=007  cr||||||||||||
=008  140911t19731973xx\d\\\\obm\\\000\0\eng\d
=040  \\$aUAB$beng$erda$cUAB
=050  \4$aGT524$b.B74 1973
=090  \\$aInternet Access$bAEU
=100  1\$aBrett, Joyce Eileen,$eauthor.
=245  10$aFashion opinion leadership related to selected perceptual and personality variables /$cby Joyce Eileen Brett.
=264  \1$c[1973]
=264  \4$c©1973
=300  \\$a1 online resource (x, 67 pages) :$billustrations
=336  \\$atext$btxt$2rdacontent
=337  \\$acomputer$bc$2rdamedia
=338  \\$aonline resource$bcr$2rdacarrier
=502  \\$bM. Sc.$cUniversity of Alberta$d1973.
=500  \\$a"A thesis submitted to the Faculty of Graduate Studies and Research in partial fulfilment of the requirements for the degree of Master of Science in Clothing and Textiles, School of Household Economics."
=504  \\$aIncludes bibliographical references (pages 61-66).
=650  \0$aClothing and dress$xPsychological aspects.
=650  \0$aFashion$xPublic opinion.
=650  \0$aLeadership.
=710  2\$aUniversity of Alberta.$bSchool of Household Economics.
=900  \\$aMK17462
=949  \\$zUAIN$zETHESIS

