=LDR  01263ntm a2200325I  4500
=001  uab09267742
=003  UAB
=005  20140911161155.0
=006  m|||||o||d||||||||
=007  cr||||||||||||
=008  140911t19731973xx\\\\\\obm\\\000\0\eng\d
=040  \\$aUAB$beng$erda$cUAB
=050  \4$aSF396.5$b.B75 1973
=090  \\$aInternet Access$bAEU
=100  1\$aBriggs, Charles William,$eauthor.
=245  10$aRapeseed meal as a partial or complete replacement for soybean meal in diets of young pigs /$cby Charles William Briggs.
=264  \1$c[1973]
=264  \4$c©1973
=300  \\$a1 online resource (viii, 38 pages)
=336  \\$atext$btxt$2rdacontent
=337  \\$acomputer$bc$2rdamedia
=338  \\$aonline resource$bcr$2rdacarrier
=502  \\$bM. Sc.$cUniversity of Alberta$d1973.
=500  \\$a"A thesis submitted to the Faculty of Graduate Studies and Research in partial fulfilment of the requirements for the degree of Master of Science in Animal Nutrition, Department of Animal Science."
=504  \\$aIncludes bibliographical references (pages 36-38).
=650  \0$aPiglets$xFeeding and feeds.
=650  \0$aRapeseed.
=650  \0$aSoybean meal as feed.
=710  2\$aUniversity of Alberta.$bDepartment of Animal Science.
=900  \\$aMK17465
=949  \\$zUAIN$zETHESIS

