=LDR  01399ntm a2200349I  4500
=001  uab09267779
=003  UAB
=005  20140911163435.0
=006  m|||||o||d||||||||
=007  cr||||||||||||
=008  140911t19731973xx\\\\\\obm\\\000\0\eng\d
=040  \\$aUAB$beng$erda$cUAB
=043  \\$an-cn-bc$an-cnp--
=050  \4$aPS8191.P7$bC44 1973
=090  \\$aInternet Access$bAEU
=100  1\$aCherewick, Janice Darlene,$eauthor.
=245  12$aA pattern for the prairie novel :$bromance elements in selected prose of the Canadian West, 1930-1970 /$cby Janice Darlene Cherewick.
=264  \1$c[1973]
=264  \4$c©1973
=300  \\$a1 online resource (vi, 180 pages)
=336  \\$atext$btxt$2rdacontent
=337  \\$acomputer$bc$2rdamedia
=338  \\$aonline resource$bcr$2rdacarrier
=502  \\$bM.A.$cUniversity of Alberta$d1973.
=500  \\$a"A thesis submitted to the Faculty of Graduate Studies and Research in partial fulfilment of the requirements for the degree of Master of Arts, Department of English."
=504  \\$aIncludes bibliographical references (pages 177-180).
=650  \0$aCanadian fiction$zCanada, Western$y20th century$xHistory and criticism.
=650  \0$aWestern stories$y20th century$xHistory and criticism.
=650  \0$aRealism in literature.
=650  \0$aLove in literature.
=710  2\$aUniversity of Alberta.$bDepartment of English.
=900  \\$aMK17475
=949  \\$zUAIN$zETHESIS

