=LDR  01189ntm a2200313I  4500
=001  uab09267822
=003  UAB
=005  20140911165915.0
=006  m|||||o||d||||||||
=007  cr||||||||||||
=008  140911t19731973xx\\\\\\obm\\\000\0\eng\d
=040  \\$aUAB$beng$erda$cUAB
=050  \4$aPS228.W65$bC45 1973
=090  \\$aInternet Access$bAEU
=100  1\$aChisholm, Jessie,$eauthor.
=245  12$aA new feminine image :$bwomen in popular American literature, 1890-1917 /$cby Jessie Margaret Anne Chisholm.
=264  \1$c[1973]
=264  \4$c©1973
=300  \\$a1 online resource (viii, 171 pages)
=336  \\$atext$btxt$2rdacontent
=337  \\$acomputer$bc$2rdamedia
=338  \\$aonline resource$bcr$2rdacarrier
=502  \\$bM.A.$cUniversity of Alberta$d1973.
=500  \\$a"A thesis submitted to the Faculty of Graduate Studies and Research in partial fulfilment of the requirements for the degree of Master of Arts, Department of History."
=504  \\$aIncludes bibliographical references (pages 158-171).
=650  \0$aWomen in literature.
=650  \0$aAmerican literature$y20th century.
=710  2\$aUniversity of Alberta.$bDepartment of History.
=900  \\$aMK17476
=949  \\$zUAIN$zETHESIS

