=LDR  01173ntm a2200313I  4500
=001  uab09267832
=003  UAB
=005  20140911170332.0
=006  m|||||o||d||||||||
=007  cr||||||||||||
=008  140911t19731973xx\\\\\\obm\\\000\0\eng\d
=040  \\$aUAB$beng$erda$cUAB
=043  \\$an-cn---
=050  \4$aJL195$b.C53 1973
=090  \\$aInternet Access$bAEU
=100  1\$aClark, Joe,$d1939-$eauthor.
=245  10$aPolicy conferences of major parties in Canada as innovating agencies /$cby Charles Joseph Clark.
=264  \1$c[1973]
=264  \4$c©1973
=300  \\$a1 online resource (xii, 222 pages)
=336  \\$atext$btxt$2rdacontent
=337  \\$acomputer$bc$2rdamedia
=338  \\$aonline resource$bcr$2rdacarrier
=502  \\$bM.A.$cUniversity of Alberta$d1973.
=500  \\$a"A thesis submitted to the Faculty of Graduate Studies and Research in partial fulfilment of the requirements for the degree of Master of Arts, Department of Political Science."
=504  \\$aIncludes bibliographical references (pages 218-222).
=650  \0$aPolitical parties$zCanada.
=710  2\$aUniversity of Alberta.$bDepartment of Political Science.
=900  \\$aMK17479
=949  \\$zUAIN$zETHESIS

