=LDR  01266ntm a2200325I  4500
=001  uab09267850
=003  UAB
=005  20140911171834.0
=006  m|||||o||d||||||||
=007  cr||||||||||||
=008  140911t19731973xx\abdf\obm\\\000\0\eng\d
=040  \\$aUAB$beng$erda$cUAB
=043  \\$an-us-id
=050  \4$aGV54.I22$bP753 1973
=090  \\$aInternet Access$bAEU
=100  1\$aCorbett, Mary Elizabeth,$eauthor.
=245  10$aRecreational capability and land use planning :$bPriest Lake, Idaho /$cby Mary Elizabeth Corbett.
=264  \1$c[1973]
=264  \4$c©1973
=300  \\$a1 online resource (iva, iv-xi, 219 pages) :$billustrations, maps
=336  \\$atext$btxt$2rdacontent
=337  \\$acomputer$bc$2rdamedia
=338  \\$aonline resource$bcr$2rdacarrier
=502  \\$bM.A.$cUniversity of Alberta$d1973.
=500  \\$a"A thesis submitted to the Faculty of Graduate Studies and Research in partial fulfilment of the requirements for the degree of Master of Arts, Department of Geography."
=504  \\$aIncludes bibliographical references (pages 203-209).
=650  \0$aRecreation areas$zIdaho $zPriest Lake.
=650  \0$aLand use$zIdaho $zPriest Lake$xPlanning.
=710  2\$aUniversity of Alberta.$bDepartment of Geography.
=900  \\$aMK17482
=949  \\$zUAIN$zETHESIS

