=LDR  01130ntm a2200313I  4500
=001  uab09267891
=003  UAB
=005  20140911174332.0
=006  m|||||o||d||||||||
=007  cr||||||||||||
=008  140911t19731973xx\adf\\obm\\\000\0\eng\d
=040  \\$aUAB$beng$erda$cUAB
=050  \4$aQE541$b.D38 1973
=090  \\$aInternet Access$bAEU
=100  1\$aDavies, Linda,$eauthor.
=245  10$aInversion of travel time data /$cby Linda Davies.
=264  \1$c[1973]
=264  \4$c©1973
=300  \\$a1 online resource (xv, 121 pages) :$billustrations
=336  \\$atext$btxt$2rdacontent
=337  \\$acomputer$bc$2rdamedia
=338  \\$aonline resource$bcr$2rdacarrier
=502  \\$bM. Sc.$cUniversity of Alberta$d1973.
=500  \\$a"A thesis submitted to the Faculty of Graduate Studies and Research in partial fulfilment of the requirements for the degree of Master of Science in Geophysics, Department of Physics."
=504  \\$aIncludes bibliographical references (pages 104-107).
=650  \0$aSeismometry.
=650  \0$aSeismic waves.
=710  2\$aUniversity of Alberta.$bDepartment of Physics.
=900  \\$aMK17490
=949  \\$zUAIN$zETHESIS

