=LDR  01208ntm a2200325I  4500
=001  uab09267909
=003  UAB
=005  20140911175706.0
=006  m|||||o||d||||||||
=007  cr||||||||||||
=008  140911t19731973xx\df\\\obm\\\000\0\eng\d
=040  \\$aUAB$beng$erda$cUAB
=050  \4$aQE541$b.D53 1973
=090  \\$aInternet Access$bAEU
=100  1\$aDickins, David G.,$eauthor.
=245  10$aLeast-squares inverse filtering of seismic reflection data /$cby David G. Dickins.
=264  \1$c[1973]
=264  \4$c©1973
=300  \\$a1 online resource (vii, 79 pages) :$billustrations
=336  \\$atext$btxt$2rdacontent
=337  \\$acomputer$bc$2rdamedia
=338  \\$aonline resource$bcr$2rdacarrier
=502  \\$bM. Sc.$cUniversity of Alberta$d1973.
=500  \\$a"A thesis submitted to the Faculty of Graduate Studies and Research in partial fulfilment of the requirements for the degree of Master of Science in Geophysics, Department of Physics."
=504  \\$aIncludes bibliographical references (pages 64-69).
=650  \0$aSeismometry.
=650  \0$aSeismic waves.
=650  \0$aSeismic reflection method.
=710  2\$aUniversity of Alberta.$bDepartment of Physics.
=900  \\$aMK17492
=949  \\$zUAIN$zETHESIS

