=LDR  01113ntm a2200301I  4500
=001  uab09268349
=003  UAB
=005  20140912101249.0
=006  m|||||o||d||||||||
=007  cr||||||||||||
=008  140912t19731973xx\df\\\obm\\\000\0\eng\d
=040  \\$aUAB$beng$erda$cUAB
=050  \4$aHD9200.A2$bE38 1973
=090  \\$aInternet Access$bAEU
=100  1\$aEdugyan, Kweku,$eauthor.
=245  10$aSpectral analysis of cocoa prices /$cby Kweku Edugyan.
=264  \1$c[1973]
=264  \4$c©1973
=300  \\$a1 online resource (ix, 76 pages) :$billustrations
=336  \\$atext$btxt$2rdacontent
=337  \\$acomputer$bc$2rdamedia
=338  \\$aonline resource$bcr$2rdacarrier
=502  \\$bM.A.$cUniversity of Alberta$d1973.
=500  \\$a"A thesis submitted to the Faculty of Graduate Studies and Research in partial fulfilment of the requirements for the degree of Master of Arts, Department of Economics."
=504  \\$aIncludes bibliographical references (pages 73-76).
=650  \0$aCocoa$xPrices$xMathematical models.
=710  2\$aUniversity of Alberta.$bDepartment of Economics.
=900  \\$aMK17502
=949  \\$zUAIN$zETHESIS

