=LDR  01163ntm a2200301I  4500
=001  uab09268450
=003  UAB
=005  20140912123909.0
=006  m|||||o||d||||||||
=007  cr||||||||||||
=008  140912t19731973xx\acdf\obm\\\000\0\eng\d
=040  \\$aUAB$beng$erda$cUAB
=050  \4$aTA1637$b.S65 1973
=090  \\$aInternet Access$bAEU
=100  1\$aSmith, Melvin Wesley,$eauthor.
=245  10$aOn the detection of edges in pictures /$cby Melvin Wesley Smith.
=264  \1$c[1973]
=264  \4$c©1973
=300  \\$a1 online resource (x, 152 pages) :$billustrations, portraits
=336  \\$atext$btxt$2rdacontent
=337  \\$acomputer$bc$2rdamedia
=338  \\$aonline resource$bcr$2rdacarrier
=502  \\$bM. Sc.$cUniversity of Alberta$d1973.
=500  \\$a"A thesis submitted to the Faculty of Graduate Studies and Research in partial fulfilment of the requirements for the degree of Master of Science, Department of Computing Science."
=504  \\$aIncludes bibliographical references (pages 145-151).
=650  \0$aImage processing$xDigital techniques.
=710  2\$aUniversity of Alberta.$bDepartment of Computing Science.
=900  \\$aMK17694
=949  \\$zUAIN$zETHESIS

