=LDR  01369ntm a2200337I  4500
=001  uab09268467
=003  UAB
=005  20140912130238.0
=006  m|||||o||d||||||||
=007  cr||||||||||||
=008  140912t19731973xx\abf\\obm\\\000\0\eng\d
=040  \\$aUAB$beng$erda$cUAB
=043  \\$an------
=050  \4$aQL596.C5$bS74 1973
=090  \\$aInternet Access$bAEU
=100  1\$aStewart, D. Bruce,$eauthor.
=245  14$aThe red turnip beetle, Entomoscelis americana brown (Coleoptera, Chrysomelidae) :$bbiology and plant relationships /$cby D. Bruce Stewart.
=264  \1$c[1973]
=264  \4$c©1973
=300  \\$a1 online resource (xii, 85 pages) :$billustrations, maps
=336  \\$atext$btxt$2rdacontent
=337  \\$acomputer$bc$2rdamedia
=338  \\$aonline resource$bcr$2rdacarrier
=502  \\$bM. Sc.$cUniversity of Alberta$d1973.
=500  \\$a"A thesis submitted to the Faculty of Graduate Studies and Research in partial fulfilment of the requirements for the degree of Master of Science, Department of Entomology."
=504  \\$aIncludes bibliographical references (pages 63-72).
=650  \0$aChrysomelidae$zNorth America.
=650  \0$aInsect-plant relationships$zNorth America.
=710  2\$aUniversity of Alberta.$bDepartment of Entomology.
=900  \\$aMK17699
=949  \\$zUAIN$zETHESIS
=987  \\$a2 theses scanned into one PDF, this record for images 125-221.

