=LDR  01295ntm a2200337I  4500
=001  uab09268500
=003  UAB
=005  20140912133517.0
=006  m|||||o||d||||||||
=007  cr||||||||||||
=008  140912t19731973xx\adf\\obm\\\000\0\eng\d
=040  \\$aUAB$beng$erda$cUAB
=050  \4$aQC793.3.S6$bS95 1973
=090  \\$aInternet Access$bAEU
=100  1\$aSwitzer, David A. M.,$eauthor.
=245  10$aNMR study of the Ruderman-Kittel interaction in white tin using macroscopic rotation /$cby David A.M. Switzer.
=264  \1$c[1973]
=264  \4$c©1973
=300  \\$a1 online resource (x, 86 pages) :$billustrations
=336  \\$atext$btxt$2rdacontent
=337  \\$acomputer$bc$2rdamedia
=338  \\$aonline resource$bcr$2rdacarrier
=502  \\$bM. Sc.$cUniversity of Alberta$d1973.
=500  \\$a"A thesis submitted to the Faculty of Graduate Studies and Research in partial fulfilment of the requirements for the degree of Master of Science, Department of Physics."
=504  \\$aIncludes bibliographical references (pages 66-67).
=650  \0$aNuclear spin.
=650  \0$aNuclear magnetic resonance.
=650  \0$aTin.
=710  2\$aUniversity of Alberta.$bDepartment of Physics.
=900  \\$aMK17705
=949  \\$zUAIN$zETHESIS
=987  \\$a2 theses scanned into one PDF, this record for images 1-96.

