=LDR  01151ntm a2200313I  4500
=001  uab09268541
=003  UAB
=005  20140912140040.0
=006  m|||||o||d||||||||
=007  cr||||||||||||
=008  140912t19731973xx\\\\\\obm\\\000\0deng\d
=040  \\$aUAB$beng$erda$cUAB
=050  \4$aPR3546$b.T46 1973
=090  \\$aInternet Access$bAEU
=100  1\$aThompson, John R.,$eauthor.
=245  10$aModes of judgement in Marvell's poetry /$cby John R. Thompson.
=264  \1$c[1973]
=264  \4$c©1973
=300  \\$a1 online resource (vi, 119 pages)
=336  \\$atext$btxt$2rdacontent
=337  \\$acomputer$bc$2rdamedia
=338  \\$aonline resource$bcr$2rdacarrier
=502  \\$bM.A.$cUniversity of Alberta$d1973.
=500  \\$a"A thesis submitted to the Faculty of Graduate Studies and Research in partial fulfilment of the requirements for the degree of Master of Arts, Department of English."
=504  \\$aIncludes bibliographical references (pages 116-119).
=600  10$aMarvell, Andrew,$d1621-1678$xPoetic works.
=650  \0$aJudgment in literature.
=710  2\$aUniversity of Alberta.$bDepartment of English.
=900  \\$aMK17708
=949  \\$zUAIN$zETHESIS

