=LDR  01326ntm a2200325I  4500
=001  uab09268553
=003  UAB
=005  20140912140846.0
=006  m|||||o||d||||||||
=007  cr||||||||||||
=008  140912t19731973xx\\\\\\obm\\\000\0\eng\d
=040  \\$aUAB$beng$erda$cUAB
=043  \\$an-cn-ab
=050  \4$aJC599.C22$bE368 1973
=090  \\$aInternet Access$bAEU
=100  1\$aUme, Theo Azuka,$eauthor.
=245  10$aHuman rights awareness among certain socio-economic groups in Edmonton with implications for community development work /$cby Theo Azuka Ume.
=264  \1$c[1973]
=264  \4$c©1973
=300  \\$a1 online resource (x, 162 pages)
=336  \\$atext$btxt$2rdacontent
=337  \\$acomputer$bc$2rdamedia
=338  \\$aonline resource$bcr$2rdacarrier
=502  \\$bM.A.$cUniversity of Alberta$d1973.
=500  \\$a"A thesis submitted to the Faculty of Graduate Studies and Research in partial fulfilment of the requirements for the degree of Master of Arts, Interdepartmental Committee in Community Development."
=504  \\$aIncludes bibliographical references (pages 129-135).
=650  \0$aHuman rights$zAlberta $zEdmonton.
=650  \0$aCommunity development$zAlberta $zEdmonton.
=710  2\$aUniversity of Alberta.$bInterdepartmental Committee in Community Development.
=900  \\$aMK17710
=949  \\$zUAIN$zETHESIS

