=LDR  01305ntm a2200325I  4500
=001  uab09268578
=003  UAB
=005  20140912142145.0
=006  m|||||o||d||||||||
=007  cr||||||||||||
=008  140912t19731973xx\bdf\\obm\\\000\0\eng\d
=040  \\$aUAB$beng$erda$cUAB
=043  \\$an-cn-ab
=050  \4$aHD9433.C23$bA33 1973
=090  \\$aInternet Access$bAEU
=100  1\$aVan Deurzen, Anthony,$eauthor.
=245  13$aAn analysis of Alberta's beef cattle industry problems /$cby Anthony van Deurzen.
=264  \1$c[1973]
=264  \4$c©1973
=300  \\$a1 online resource (xiii, 72 pages) :$billustrations, maps
=336  \\$atext$btxt$2rdacontent
=337  \\$acomputer$bc$2rdamedia
=338  \\$aonline resource$bcr$2rdacarrier
=502  \\$bM. Sc.$cUniversity of Alberta$d1973.
=500  \\$a"A thesis submitted to the Faculty of Graduate Studies and Research in partial fulfilment of the requirements for the degree of Master of Science, Department of Agricultural Economics and Rural Sociology."
=504  \\$aIncludes bibliographical references (page 63).
=650  \0$aBeef industry$xProduction control$zAlberta.
=650  \0$aBeef industry$xMarketing$zAlberta.
=710  2\$aUniversity of Alberta.$bDepartment of Agricultural Economics and Rural Sociology.
=900  \\$aMK17713
=949  \\$zUAIN$zETHESIS

