=LDR  01328ntm a2200337I  4500
=001  uab09268627
=003  UAB
=005  20140912145304.0
=006  m|||||o||d||||||||
=007  cr||||||||||||
=008  140912t19731973xx\\\\\\obm\\\000\0\eng\d
=040  \\$aUAB$beng$erda$cUAB
=050  \4$aGT510$b.W35 1973
=090  \\$aInternet Access$bAEU
=100  1\$aWaisman, Patricia Joan,$eauthor.
=245  10$aPersonality, perceptual style and clothing use /$cby Patricia Joan Waisman.
=264  \1$c[1973]
=264  \4$c©1973
=300  \\$a1 online resource (ix, 80 pages)
=336  \\$atext$btxt$2rdacontent
=337  \\$acomputer$bc$2rdamedia
=338  \\$aonline resource$bcr$2rdacarrier
=502  \\$bM. Sc.$cUniversity of Alberta$d1973.
=500  \\$a"A thesis submitted to the Faculty of Graduate Studies and Research in partial fulfilment of the requirements for the degree of Master of Science in Clothing and Textiles, School of Household Economics."
=504  \\$aIncludes bibliographical references (pages 62-65).
=650  \0$aClothing and dress.
=650  \0$aPersonality.
=650  \0$aFashion.
=710  2\$aUniversity of Alberta.$bSchool of Household Economics.
=900  \\$aMK17718
=949  \\$zUAIN$zETHESIS
=987  \\$a2 theses scanned into one PDF, this record for images 1-147; other thesis incomplete, no record added for it.

