=LDR  01279ntm a2200337I  4500
=001  uab09268662
=003  UAB
=005  20140912152954.0
=006  m|||||o||d||||||||
=007  cr||||||||||||
=008  140912t19731973xx\bdf\\obm\\\000\0\eng\d
=040  \\$aUAB$beng$erda$cUAB
=043  \\$an-cn-ab
=050  \4$aLE3.A6335$bW55 1973
=090  \\$aInternet Access$bAEU
=100  1\$aWilliamson, William John,$eauthor.
=245  10$aUniversity transportation prediction model /$cby William John Williamson.
=264  \1$c[1973]
=264  \4$c©1973
=300  \\$a1 online resource (xvii, 307 pages) :$billustrations, maps
=336  \\$atext$btxt$2rdacontent
=337  \\$acomputer$bc$2rdamedia
=338  \\$aonline resource$bcr$2rdacarrier
=502  \\$bM. Sc.$cUniversity of Alberta$d1973.
=500  \\$a"A thesis submitted to the Faculty of Graduate Studies and Research in partial fulfilment of the requirements for the degree of Master of Science, Department of Civil Engineering."
=504  \\$aIncludes bibliographical references (pages 230-234).
=650  \0$aTransportation$zAlberta.
=610  20$aUniversity of Alberta.
=650  \0$aUniversities and colleges$xPlanning.
=710  2\$aUniversity of Alberta.$bDepartment of Civil Engineering.
=900  \\$aMK17734
=949  \\$zUAIN$zETHESIS

