=LDR  01158ntm a2200301I  4500
=001  uab09268995
=003  UAB
=005  20140915095001.0
=006  m|||||o||d||||||||
=007  cr||||||||||||
=008  140915t19731973xx\adf\\obm\\\000\0\eng\d
=040  \\$aUAB$beng$erda$cUAB
=050  \4$aQK629.P7$bW66 1973
=090  \\$aInternet Access$bAEU
=100  1\$aWong, William Manning,$eauthor.
=245  14$aThe development of Fomes cajanderi Karst. in nature and in culture /$cby William Manning Wong.
=264  \1$c[1973]
=264  \4$c©1973
=300  \\$a1 online resource (xvi, 210 pages) :$billustrations
=336  \\$atext$btxt$2rdacontent
=337  \\$acomputer$bc$2rdamedia
=338  \\$aonline resource$bcr$2rdacarrier
=502  \\$bM. Sc.$cUniversity of Alberta$d1973.
=500  \\$a"A thesis submitted to the Faculty of Graduate Studies and Research in partial fulfilment of the requirements for the degree of Master of Science in Mycology, Department of Botany."
=504  \\$aIncludes bibliographical references (pages 197-202).
=650  \0$aFomes$xDevelopment.
=710  2\$aUniversity of Alberta.$bDepartment of Botany.
=900  \\$aMK17740
=949  \\$zUAIN$zETHESIS

