=LDR  01303ntm a2200325I  4500
=001  uab09269006
=003  UAB
=005  20140915100427.0
=006  m|||||o||d||||||||
=007  cr||||||||||||
=008  140915t19731973xx\abf\\obm\\\000\0\eng\d
=040  \\$aUAB$beng$erda$cUAB
=043  \\$an-cn-ab
=050  \4$aJS1742.7.A15$bY84 1973
=090  \\$aInternet Access$bAEU
=100  1\$aYuen, Abraham Chick-To,$eauthor.
=245  10$aGenerating citizen involvement :$bcommunity council /$cby Abraham Chick-To Yuen.
=264  \1$c[1973]
=264  \4$c©1973
=300  \\$a1 online resource (vii, 113 pages) :$billustrations, maps
=336  \\$atext$btxt$2rdacontent
=337  \\$acomputer$bc$2rdamedia
=338  \\$aonline resource$bcr$2rdacarrier
=502  \\$bM.A.$cUniversity of Alberta$d1973.
=500  \\$a"A thesis submitted to the Faculty of Graduate Studies and Research in partial fulfilment of the requirements for the degree of Master of Arts, Interdepartmental Committee in Community Development."
=504  \\$aIncludes bibliographical references (pages 93-97).
=650  \0$aPolitical participation$zAlberta $zEdmonton.
=650  \0$aLocal government$zAlberta $zEdmonton.
=710  2\$aUniversity of Alberta.$bInterdepartmental Committee in Community Development.
=900  \\$aMK17745
=949  \\$zUAIN$zETHESIS

