=LDR  01149ntm a2200313I  4500
=001  uab09269029
=003  UAB
=005  20140915103712.0
=006  m|||||o||d||||||||
=007  cr||||||||||||
=008  140915t19731973xx\\\\\\obm\\\000\0beng\d
=040  \\$aUAB$beng$erda$cUAB
=050  \4$aDS778.S66$bK86 1973
=090  \\$aInternet Access$bAEU
=100  1\$aKwok-Choi, Mung,$eauthor.
=245  10$aSoong Ching-Ling :$ba political profile /$cby Mung Kwok-Choi.
=264  \1$c[1973]
=264  \4$c©1973
=300  \\$a1 online resource (124 pages)
=336  \\$atext$btxt$2rdacontent
=337  \\$acomputer$bc$2rdamedia
=338  \\$aonline resource$bcr$2rdacarrier
=502  \\$bM.A.$cUniversity of Alberta$d1973.
=500  \\$a"A thesis submitted to the Faculty of Graduate Studies and Research in partial fulfilment of the requirements for the degree of Master of Arts, Department of History."
=504  \\$aIncludes bibliographical references (pages 113-124).
=590  \\$aLibrary copy imperfect: faded throughout.
=600  10$aSong, Qingling,$d1893-1981.
=710  2\$aUniversity of Alberta.$bDepartment of History.
=900  \\$aMK20219
=949  \\$zUAIN$zETHESIS

