=LDR  01285ntm a2200337I  4500
=001  uab09269071
=003  UAB
=005  20140915113854.0
=006  m|||||o||d||||||||
=007  cr||||||||||||
=008  140915t19741974xx\\\\\\obm\\\000\0\eng\d
=040  \\$aUAB$beng$erda$cUAB
=043  \\$an-cn-ab
=050  \4$aGV725.A43$bB76 1973
=090  \\$aInternet Access$bAEU
=100  1\$aBroderick, Kathleen E.,$eauthor.
=245  12$aA normative study of track and field events for the Alberta Special Games /$cby Kathleen E. Broderick.
=264  \1$c[1974]
=264  \4$c©1974
=300  \\$a1 online resource (ix, 42 pages)
=336  \\$atext$btxt$2rdacontent
=337  \\$acomputer$bc$2rdamedia
=338  \\$aonline resource$bcr$2rdacarrier
=502  \\$bM.A.$cUniversity of Alberta$d1974.
=500  \\$a"A thesis submitted to the Faculty of Graduate Studies and Research in partial fulfilment of the requirements for the degree of Master of Arts, Department of Physical Education."
=504  \\$aIncludes bibliographical references (pages 41-42).
=611  20$aAlberta Special Games.
=650  \0$aTrack and field$zAlberta.
=650  \0$aSports for people with disabilities$zAlberta.
=710  2\$aUniversity of Alberta.$bDepartment of Physical Education.
=900  \\$aMK20973
=949  \\$zUAIN$zETHESIS

