=LDR  01153ntm a2200313I  4500
=001  uab09269087
=003  UAB
=005  20140915120201.0
=006  m|||||o||d||||||||
=007  cr||||||||||||
=008  140915t19741974xx\adf\\obm\\\000\0\eng\d
=040  \\$aUAB$beng$erda$cUAB
=050  \4$aQC174.17.T56$bC37 1973
=090  \\$aInternet Access$bAEU
=100  1\$aCarlson, Paul A.,$eauthor.
=245  10$aTime measurement in quantum mechanics /$cby Paul A. Carlson.
=264  \1$c[1974]
=264  \4$c©1974
=300  \\$a1 online resource (viii, 264 pages) :$billustrations
=336  \\$atext$btxt$2rdacontent
=337  \\$acomputer$bc$2rdamedia
=338  \\$aonline resource$bcr$2rdacarrier
=502  \\$bM. Sc.$cUniversity of Alberta$d1974.
=500  \\$a"A thesis submitted to the Faculty of Graduate Studies and Research in partial fulfilment of the requirements for the degree of Master of Science, Department of Mathematics."
=504  \\$aIncludes bibliographical references (pages 224-225).
=650  \0$aQuantum theory.
=650  \0$aTime measurements.
=710  2\$aUniversity of Alberta.$bDepartment of Mathematics.
=900  \\$aMK20978
=949  \\$zUAIN$zETHESIS

