=LDR  01228ntm a2200313I  4500
=001  uab09269154
=003  UAB
=005  20140915135628.0
=006  m|||||o||d||||||||
=007  cr||||||||||||
=008  140915t19741974xx\df\\\obm\\\000\0\eng\d
=040  \\$aUAB$beng$erda$cUAB
=043  \\$an-cn-ab
=050  \4$aHJ4292.A28$bA83 1974
=090  \\$aInternet Access$bAEU
=100  1\$aAsante, Edward O.,$eauthor.
=245  14$aThe incidence of rural property taxation in Alberta /$cby Edward O. Asante.
=264  \1$c[1974]
=264  \4$c©1974
=300  \\$a1 online resource (xiii, 142 pages) :$billustrations
=336  \\$atext$btxt$2rdacontent
=337  \\$acomputer$bc$2rdamedia
=338  \\$aonline resource$bcr$2rdacarrier
=502  \\$bM. Sc.$cUniversity of Alberta$d1974.
=500  \\$a"A thesis submitted to the Faculty of Graduate Studies and Research in partial fulfilment of the requirements for the degree of Master of Science, Department of Agricultural Economics and Rural Sociology."
=504  \\$aIncludes bibliographical references (pages 119-123).
=650  \0$aFarms$xTaxation$zAlberta.
=710  2\$aUniversity of Alberta.$bDepartment of Agricultural Economics and Rural Sociology.
=900  \\$aMK21749
=949  \\$zUAIN$zETHESIS

