=LDR  01284ntm a2200325I  4500
=001  uab09269200
=003  UAB
=005  20140915143525.0
=006  m|||||o||d||||||||
=007  cr||||||||||||
=008  140915t19741974xx\af\\\obm\\\000\0\eng\d
=040  \\$aUAB$beng$erda$cUAB
=050  \4$aTK2731$b.B46 1974
=090  \\$aInternet Access$bAEU
=100  1\$aBenbow, Lloyd David,$eauthor.
=245  10$aOn the structure and use of hybrid sequential machines /$cby Lloyd David Benbow.
=264  \1$c[1974]
=264  \4$c©1974
=300  \\$a1 online resource (x, 116 pages) :$billustrations
=336  \\$atext$btxt$2rdacontent
=337  \\$acomputer$bc$2rdamedia
=338  \\$aonline resource$bcr$2rdacarrier
=502  \\$bM. Sc.$cUniversity of Alberta$d1974.
=500  \\$a"A thesis submitted to the Faculty of Graduate Studies and Research in partial fulfilment of the requirements for the degree of Master of Science, Department of Computing Science."
=504  \\$aIncludes bibliographical references (pages 114-116).
=590  \\$aLibrary copy imperfect: page vii inserted before page [i].
=650  \0$aElectric machinery, Synchronous.
=650  \0$aElectric machinery, Induction.
=710  2\$aUniversity of Alberta.$bDepartment of Computing Science.
=900  \\$aMK21763
=949  \\$zUAIN$zETHESIS

