=LDR  01416ntm a2200337I  4500
=001  uab09269237
=003  UAB
=005  20140915151846.0
=006  m|||||o||d||||||||
=007  cr||||||||||||
=008  140915t19741974xx\df\\\obm\\\000\0\eng\d
=040  \\$aUAB$beng$erda$cUAB
=050  \4$aRG137.5$b.B67 1974
=090  \\$aInternet Access$bAEU
=100  1\$aBossé, Theresa R.,$eauthor.
=245  10$aVitamin B[subscript 6] requirement of young adult women using oral contraceptives assessed by pyridoxal and aminotransferase levels in the erythrocyte /$cby Theresa R. Bossé.
=264  \1$c[1974]
=264  \4$c©1974
=300  \\$a1 online resource (xii, 115 pages) :$billustrations
=336  \\$atext$btxt$2rdacontent
=337  \\$acomputer$bc$2rdamedia
=338  \\$aonline resource$bcr$2rdacarrier
=502  \\$bM. Sc.$cUniversity of Alberta$d1974.
=500  \\$a"A thesis submitted to the Faculty of Graduate Studies and Research in partial fulfilment of the requirements for the degree of Master of Science, School of Household Economics."
=504  \\$aIncludes bibliographical references (pages 88-93).
=590  \\$aLibrary copy imperfect: page ix inserted before page [i].
=650  \0$aOral contraceptives.
=650  \0$aYoung women$xNutrition$xRequirements.
=650  \0$aVitamin B6 in human nutrition.
=710  2\$aUniversity of Alberta.$bSchool of Household Economics.
=900  \\$aMK21767
=949  \\$zUAIN$zETHESIS

