=LDR  01144ntm a2200313I  4500
=001  uab09269290
=003  UAB
=005  20140915162616.0
=006  m|||||o||d||||||||
=007  cr||||||||||||
=008  140915t19741974xx\adf\\obm\\\000\0\eng\d
=040  \\$aUAB$beng$erda$cUAB
=050  \4$aQK629.N5$bC37 1974
=090  \\$aInternet Access$bAEU
=100  1\$aCarstens, Leslie L.,$eauthor.
=245  10$aMetabolites of Cyathus helenae /$cby Leslie L. Carstens.
=264  \1$c[1974]
=264  \4$c©1974
=300  \\$a1 online resource (xiii, 97, 3 pages) :$billustrations
=336  \\$atext$btxt$2rdacontent
=337  \\$acomputer$bc$2rdamedia
=338  \\$aonline resource$bcr$2rdacarrier
=502  \\$bM. Sc.$cUniversity of Alberta$d1974.
=500  \\$a"A thesis submitted to the Faculty of Graduate Studies and Research in partial fulfilment of the requirements for the degree of Master of Science, Department of Chemistry."
=504  \\$aIncludes bibliographical references (pages 96-97).
=650  \0$aNidulariaceae.
=650  \0$aFungal metabolites.
=710  2\$aUniversity of Alberta.$bDepartment of Chemistry.
=900  \\$aMK21781
=949  \\$zUAIN$zETHESIS

