=LDR  01181ntm a2200313I  4500
=001  uab09269293
=003  UAB
=005  20140915163259.0
=006  m|||||o||d||||||||
=007  cr||||||||||||
=008  140915t19741974xx\adf\\obm\\\000\0\eng\d
=040  \\$aUAB$beng$erda$cUAB
=050  \4$aQA278.2$b.C43 1974
=090  \\$aInternet Access$bAEU
=100  1\$aChan, Patsy S. M.,$eauthor.
=245  14$aThe multicollinearity problem in regression analysis /$cby Patsy S.M. Chan.
=264  \1$c[1974]
=264  \4$c©1974
=300  \\$a1 online resource (viii, 90 pages) :$billustrations
=336  \\$atext$btxt$2rdacontent
=337  \\$acomputer$bc$2rdamedia
=338  \\$aonline resource$bcr$2rdacarrier
=502  \\$bM. Sc.$cUniversity of Alberta$d1974.
=500  \\$a"A thesis submitted to the Faculty of Graduate Studies and Research in partial fulfilment of the requirements for the degree of Master of Science in Statistics, Department of Mathematics."
=504  \\$aIncludes bibliographical references (pages 83-78).
=650  \0$aMulticollinearity.
=650  \0$aRegression analysis.
=710  2\$aUniversity of Alberta.$bDepartment of Mathematics.
=900  \\$aMK21782
=949  \\$zUAIN$zETHESIS

