=LDR  01180ntm a2200313I  4500
=001  uab09269323
=003  UAB
=005  20140915165758.0
=006  m|||||o||d||||||||
=007  cr||||||||||||
=008  140915t19741974xx\\\\\\obm\\\000\0\eng\d
=040  \\$aUAB$beng$erda$cUAB
=050  \4$aSF498.4$b.C54 1974
=090  \\$aInternet Access$bAEU
=100  1\$aClement, Helen Rosemary,$eauthor.
=245  10$aFactors affecting the nutritive value of rapeseed oil for the chick /$cby Helen Rosemary Clement.
=264  \1$c[1974]
=264  \4$c©1974
=300  \\$a1 online resource (x, 86 pages)
=336  \\$atext$btxt$2rdacontent
=337  \\$acomputer$bc$2rdamedia
=338  \\$aonline resource$bcr$2rdacarrier
=502  \\$bM. Sc.$cUniversity of Alberta$d1974.
=500  \\$a"A thesis submitted to the Faculty of Graduate Studies and Research in partial fulfilment of the requirements for the degree of Master of Science, School of Household Economics."
=504  \\$aIncludes bibliographical references (pages 75-79).
=650  \0$aChicks$xFeeding and feeds.
=650  \0$aRape oil.
=710  2\$aUniversity of Alberta.$bSchool of Household Economics.
=900  \\$aMK21787
=949  \\$zUAIN$zETHESIS

