=LDR  01191ntm a2200325I  4500
=001  uab09269342
=003  UAB
=005  20140915172811.0
=006  m|||||o||d||||||||
=007  cr||||||||||||
=008  140915t19741974xx\\\\\\obm\\\000\0\eng\d
=040  \\$aUAB$beng$erda$cUAB
=050  \4$aHT391$b.C65 1974
=090  \\$aInternet Access$bAEU
=100  1\$aColthart, Alice Jane,$eauthor.
=245  14$aThe metropolis-hinterland thesis and regional economic development /$cby Alice Jane Colthart.
=264  \1$c[1974]
=264  \4$c©1974
=300  \\$a1 online resource (viii, 137 pages)
=336  \\$atext$btxt$2rdacontent
=337  \\$acomputer$bc$2rdamedia
=338  \\$aonline resource$bcr$2rdacarrier
=502  \\$bM.A.$cUniversity of Alberta$d1974.
=500  \\$a"A thesis submitted to the Faculty of Graduate Studies and Research in partial fulfilment of the requirements for the degree of Master of Arts, Department of Economics."
=504  \\$aIncludes bibliographical references (pages 130-137).
=650  \0$aRegional planning.
=650  \0$aRegional economics.
=650  \0$aRegionalism.
=710  2\$aUniversity of Alberta.$bDepartment of Economics.
=900  \\$aMK21790
=949  \\$zUAIN$zETHESIS

