=LDR  01236ntm a2200313I  4500
=001  uab09269351
=003  UAB
=005  20140915173739.0
=006  m|||||o||d||||||||
=007  cr||||||||||||
=008  140915t19741974xx\adf\\obm\\\000\0\eng\d
=040  \\$aUAB$beng$erda$cUAB
=043  \\$an-cn-ab
=050  \4$aHD9437.C23$bA33 1974
=090  \\$aInternet Access$bAEU
=100  1\$aCopeland, James Hubert,$eauthor.
=245  12$aA study of broiler marketing in Alberta /$cby James Hubert Copeland.
=264  \1$c[1974]
=264  \4$c©1974
=300  \\$a1 online resource (ix, that is, xi, 79 pages) :$billustrations
=336  \\$atext$btxt$2rdacontent
=337  \\$acomputer$bc$2rdamedia
=338  \\$aonline resource$bcr$2rdacarrier
=502  \\$bM. Sc.$cUniversity of Alberta$d1974.
=500  \\$a"A thesis submitted to the Faculty of Graduate Studies in partial fulfilment of the requirements for the degree of Master of Science, Department of Agricultural Economics and Rural Sociology."
=504  \\$aIncludes bibliographical references (pages 72-74).
=650  \0$aBroilers (Chickens)$zAlberta$xMarketing.
=710  2\$aUniversity of Alberta.$bDepartment of Agricultural Economics and Rural Sociology.
=900  \\$aMK21792
=949  \\$zUAIN$zETHESIS

