=LDR  01245ntm a2200325I  4500
=001  uab09269363
=003  UAB
=005  20140915175322.0
=006  m|||||o||d||||||||
=007  cr||||||||||||
=008  140915t19741974xx\\\\\\obm\\\000\0dger\d
=040  \\$aUAB$beng$erda$cUAB
=041  0\$ager$beng
=050  \4$aB4815.L854$bC76 1974
=090  \\$aInternet Access$bAEU
=100  1\$aCsorba, Sylvia,$eauthor.
=245  10$aGeorg Lukács und seine deutschen Kritiker seit 1956 /$cby Sylvia Csorba.
=264  \1$c[1974]
=264  \4$c©1974
=300  \\$a1 online resource (viii, 152 pages)
=336  \\$atext$btxt$2rdacontent
=337  \\$acomputer$bc$2rdamedia
=338  \\$aonline resource$bcr$2rdacarrier
=502  \\$bM.A.$cUniversity of Alberta$d1974.
=500  \\$a"A thesis submitted to the Faculty of Graduate Studies and Research in partial fulfilment of the requirements for the degree of Master of Arts, Department of Germanic Languages."
=504  \\$aIncludes bibliographical references (pages 149-152).
=546  \\$aIn German; includes abstract in English.
=600  10$aLukács, György,$d1885-1971$xCriticism and interpretation.
=710  2\$aUniversity of Alberta.$bDepartment of Germanic Languages.
=900  \\$aMK21796
=949  \\$zUAIN$zETHESIS

