=LDR  01246ntm a2200325I  4500
=001  uab09269514
=003  UAB
=005  20140916103408.0
=006  m|||||o||d||||||||
=007  cr||||||||||||
=008  140916t19751975xx\af\\\obm\\\000\0\eng\d
=040  \\$aUAB$beng$erda$cUAB
=050  \4$aPN56.A72$bK35 1975
=090  \\$aInternet Access$bAEU
=100  1\$aKalfayan, Mireille,$d1950-2005,$eauthor.
=245  10$aArmenian or American heroes :$bthe universality of an archetype /$cby Mireille Kalfayan.
=264  \1$c[1975]
=264  \4$c©1975
=300  \\$a1 online resource (viii, 112 pages) :$billustrations
=336  \\$atext$btxt$2rdacontent
=337  \\$acomputer$bc$2rdamedia
=338  \\$aonline resource$bcr$2rdacarrier
=502  \\$bM.A.$cUniversity of Alberta$d1975.
=500  \\$a"A thesis submitted to the Faculty of Graduate Studies and Research in partial fulfillment of the requirements for the degree of Master of Arts, Department of Psychology."
=504  \\$aIncludes bibliographical references (pages 106-112).
=650  \0$aArchetypes in literature.
=650  \0$aFolk literature, American.
=650  \0$aFolk literature, Armenian.
=710  2\$aUniversity of Alberta.$bDepartment of Psychology.
=900  \\$aMK24072
=949  \\$zUAIN$zETHESIS

