=LDR  01258ntm a2200325I  4500
=001  uab09269524
=003  UAB
=005  20140916104858.0
=006  m|||||o||d||||||||
=007  cr||||||||||||
=008  140916t19751975xx\adf\\obm\\\000\0\eng\d
=040  \\$aUAB$beng$erda$cUAB
=043  \\$an-cn-on
=050  \4$aTN873.C22$bO65 1975
=090  \\$aInternet Access$bAEU
=100  1\$aKloepfer, John Gerard,$eauthor.
=245  10$aViscous fingering in unconsolidated cores /$cby John Gerard Kloepfer.
=264  \1$c[1975]
=264  \4$c©1975
=300  \\$a1 online resource (91 pages) :$billustrations
=336  \\$atext$btxt$2rdacontent
=337  \\$acomputer$bc$2rdamedia
=338  \\$aonline resource$bcr$2rdacarrier
=502  \\$bM. Sc.$cUniversity of Alberta$d1975.
=500  \\$a"A thesis submitted to the Faculty of Graduate Studies and Research in partial fulfilment of the requirements for the degree of Master of Science in Petroleum Engineering, Department of Mineral Engineering."
=504  \\$aIncludes bibliographical references (pages 41-45).
=650  \0$aOil sands$zOntario $zOttawa.
=650  \0$aLiquid-liquid interfaces$zOntario $zOttawa.
=710  2\$aUniversity of Alberta.$bDepartment of Mineral Engineering.
=900  \\$aMK24075
=949  \\$zUAIN$zETHESIS

