=LDR  01569ntm a2200373I  4500
=001  uab09269583
=003  UAB
=005  20140916120722.0
=006  m|||||o||d||||||||
=007  cr||||||||||||
=008  140916t19751975xx\bf\\\obm\\\000\0\fre\d
=040  \\$aUAB$beng$erda$cUAB
=041  0\$afre$beng
=043  \\$an-cn-qu
=050  \4$aGV585.3.Q3$bL33 1975
=090  \\$aInternet Access$bAEU
=100  1\$aLacoste, Andre,$eauthor.
=245  14$aLes Jeux du Quebec, ou, Susciter par la regionalisation des sports la participation massive des Quebecois a la plus grande variete d'activites sportives /$cpar Andre Lacoste.
=246  30$aSusciter par la regionalisation des sports la participation massive des Quebecois a la plus grande variete d'activites sportives
=264  \1$c[1975]
=264  \4$c©1975
=300  \\$a1 online resource (xx, 209 pages) :$bmaps
=336  \\$atext$btxt$2rdacontent
=337  \\$acomputer$bc$2rdamedia
=338  \\$aonline resource$bcr$2rdacarrier
=502  \\$bM.A.$cUniversity of Alberta$d1975.
=500  \\$a"These presentee a la Faculte des Etudes Superieures en reponse aux exigences du programme de Maitrise es Arts, Departement d'Education Physique."
=504  \\$aIncludes bibliographical references (pages 177-195).
=546  \\$aIn French; includes abstract in English.
=650  \0$aSports$zQuébec (Province)$xCitizen participation.
=611  20$aQuebec Games.
=650  \0$aRegionalism and sports$zQuébec (Province)
=710  2\$aUniversity of Alberta.$bDepartment of Physical Education.
=900  \\$aMK24078
=949  \\$zUAIN$zETHESIS

