=LDR  01085ntm a2200301I  4500
=001  uab09269619
=003  UAB
=005  20140916124241.0
=006  m|||||o||d||||||||
=007  cr||||||||||||
=008  140916t19751975xx\\\\\\obm\\\000\0\eng\d
=040  \\$aUAB$beng$erda$cUAB
=050  \4$aBF443$b.L46 1975
=090  \\$aInternet Access$bAEU
=100  1\$aLeonard, Ronald,$eauthor.
=245  10$a"" /$cby Ronald Leonard.
=264  \1$c[1975]
=264  \4$c©1975
=300  \\$a1 online resource (viii, 158 pages)
=336  \\$atext$btxt$2rdacontent
=337  \\$acomputer$bc$2rdamedia
=338  \\$aonline resource$bcr$2rdacarrier
=502  \\$bM.A.$cUniversity of Alberta$d1975.
=500  \\$a"A thesis submitted to the Faculty of Graduate Studies and Research in partial fulfilment of the requirements for the degree of Master of Arts, Department of Philosophy."
=504  \\$aIncludes bibliographical references (pages 77-87).
=650  \0$aConcepts.
=710  2\$aUniversity of Alberta.$bDepartment of Philosophy.
=900  \\$aMK24081
=949  \\$zUAIN$zETHESIS

