=LDR  01272ntm a2200337I  4500
=001  uab09269635
=003  UAB
=005  20140916132206.0
=006  m|||||o||d||||||||
=007  cr||||||||||||
=008  140916t19751975xx\\\\\\obm\\\000\0dfre\d
=040  \\$aUAB$beng$erda$cUAB
=041  0\$afre$beng
=050  \4$aPQ2673.A78$bZ752 1975
=090  \\$aInternet Access$bAEU
=100  1\$aMahadoo, Yeswanth,$eauthor.
=245  13$aLe monde romanesque d'André Masson /$cby Yeswanth Mahadoo.
=264  \1$c[1975]
=264  \4$c©1975
=300  \\$a1 online resource (viii, 147 pages)
=336  \\$atext$btxt$2rdacontent
=337  \\$acomputer$bc$2rdamedia
=338  \\$aonline resource$bcr$2rdacarrier
=502  \\$bM.A.$cUniversity of Alberta$d1975.
=500  \\$a"A thesis submitted to the Faculty of Graduate Studies and Research in partial fulfilment of the requirements for the degree of Master of Arts, Department of Romance Languages."
=504  \\$aIncludes bibliographical references (pages 138-142).
=546  \\$aIn French; includes abstract in English.
=600  10$aMasson, André,$d1921-$xCriticism and interpretation.
=650  \0$aGood and evil in literature.
=710  2\$aUniversity of Alberta.$bDepartment of Romance Languages.
=900  \\$aMK24092
=949  \\$zUAIN$zETHESIS

