=LDR  01195ntm a2200313I  4500
=001  uab09269688
=003  UAB
=005  20140916144340.0
=006  m|||||o||d||||||||
=007  cr||||||||||||
=008  140916t19751975xx\\\\\\obm\\\000\0\eng\d
=040  \\$aUAB$beng$erda$cUAB
=050  \4$aPG2175$b.P48 1975
=090  \\$aInternet Access$bAEU
=100  1\$aPetrucha, Hana,$eauthor.
=245  14$aThe morphology of nominal diminution in Russian and Czech /$cby Hana Petrucha.
=264  \1$c[1975]
=264  \4$c©1975
=300  \\$a1 online resource (vii, 72 pages)
=336  \\$atext$btxt$2rdacontent
=337  \\$acomputer$bc$2rdamedia
=338  \\$aonline resource$bcr$2rdacarrier
=502  \\$bM.A.$cUniversity of Alberta$d1975.
=500  \\$a"A thesis submitted to the Faculty of Graduate Studies and Research in partial fulfilment of the requirements for the degree of Master of Arts in Slavic Linguistics, Department of Slavic Languages."
=504  \\$aIncludes bibliographical references (pages 43-49).
=650  \0$aRussian language$xDiminutives.
=650  \0$aCzech language$xDiminutives.
=710  2\$aUniversity of Alberta.$bDepartment of Slavic Languages.
=900  \\$aMK24114
=949  \\$zUAIN$zETHESIS

