=LDR  01329ntm a2200325I  4500
=001  uab09269696
=003  UAB
=005  20140916144941.0
=006  m|||||o||d||||||||
=007  cr||||||||||||
=008  140916t19751975xx\abdf\obm\\\000\0\eng\d
=040  \\$aUAB$beng$erda$cUAB
=050  \4$aHF6107$b.P45 1975
=090  \\$aInternet Access$bAEU
=100  1\$aPhilip, Lowell D.,$eauthor.
=245  12$aA discernment of ultimate consumer and industrial buyer attitudes toward print advertising /$cby Lowell D. Philip.
=264  \1$c[1975]
=264  \4$c©1975
=300  \\$a1 online resource (ix, 113 pages) :$billustrations, maps
=336  \\$atext$btxt$2rdacontent
=337  \\$acomputer$bc$2rdamedia
=338  \\$aonline resource$bcr$2rdacarrier
=502  \\$bM.B.A.$cUniversity of Alberta$d1975.
=500  \\$a"A thesis submitted to the Faculty of Graduate Studies and Research in partial fulfilment of the requirements for the degree of Master of Business Administration, Faculty of Business Administration and Commerce."
=504  \\$aIncludes bibliographical references (pages 94-99).
=650  \0$aAdvertising, Magazine.
=650  \0$aAdvertising, Newspaper.
=650  \0$aAdvertising$xPsychological aspects.
=710  2\$aUniversity of Alberta.$bFaculty of Business Administration and Commerce.
=900  \\$aMK24115
=949  \\$zUAIN$zETHESIS

