=LDR  01178ntm a2200325I  4500
=001  uab09269717
=003  UAB
=005  20140916152215.0
=006  m|||||o||d||||||||
=007  cr||||||||||||
=008  140916t19751975xx\af\\\obm\\\000\0\eng\d
=040  \\$aUAB$beng$erda$cUAB
=050  \4$aBF447$b.S25 1975
=090  \\$aInternet Access$bAEU
=100  1\$aSaidman, Larry F.,$eauthor.
=245  10$aTask differences and configural effects in human judgments /$cby Larry F. Saidman.
=264  \1$c[1975]
=264  \4$c©1975
=300  \\$a1 online resource (x, 83 pages) :$billustrations
=336  \\$atext$btxt$2rdacontent
=337  \\$acomputer$bc$2rdamedia
=338  \\$aonline resource$bcr$2rdacarrier
=502  \\$bM.A.$cUniversity of Alberta$d1975.
=500  \\$a"A thesis submitted to the Faculty of Graduate Studies and Research in partial fulfilment of the requirements for the degree of Master of Arts, Department of Psychology."
=504  \\$aIncludes bibliographical references (pages 78-83).
=650  \0$aJudgment.
=650  \0$aIntuition.
=650  \0$aCritical thinking.
=710  2\$aUniversity of Alberta.$bDepartment of Psychology.
=900  \\$aMK24125
=949  \\$zUAIN$zETHESIS

