=LDR  01313ntm a2200337I  4500
=001  uab09269733
=003  UAB
=005  20140916154057.0
=006  m|||||o||d||||||||
=007  cr||||||||||||
=008  140916t19751975xx\bf\\\obm\\\000\0\eng\d
=040  \\$aUAB$beng$erda$cUAB
=043  \\$an-cn---
=050  \4$aHD1476.C2$bS53 1975
=090  \\$aInternet Access$bAEU
=100  1\$aSharpe, Natalie,$eauthor.
=245  10$a"Agrarian myth is a mode" :$bthe strategies of a farm movement and its relation to the family farm mode of production /$cby Natalie Sharpe.
=264  \1$c[1975]
=264  \4$c©1975
=300  \\$a1 online resource (x, 103 pages) :$bmap
=336  \\$atext$btxt$2rdacontent
=337  \\$acomputer$bc$2rdamedia
=338  \\$aonline resource$bcr$2rdacarrier
=502  \\$bM.A.$cUniversity of Alberta$d1975.
=500  \\$a"A thesis submitted to the Faculty of Graduate Studies and Research in partial fulfilment of the requirements for the degree of Master of Arts, Department of Anthropology."
=504  \\$aIncludes bibliographical references (pages 87-93).
=650  \0$aFamily farms$zCanada.
=650  \0$aAgriculture$xEconomic aspects$zCanada.
=650  \0$aAgriculture$xSocial aspects$zCanada.
=710  2\$aUniversity of Alberta.$bDepartment of Anthropology.
=900  \\$aMK24130
=949  \\$zUAIN$zETHESIS

