=LDR  01342ntm a2200325I  4500
=001  uab09269752
=003  UAB
=005  20140916161104.0
=006  m|||||o||d||||||||
=007  cr||||||||||||
=008  140916t19751975xx\\\\\\obm\\\000\0\eng\d
=040  \\$aUAB$beng$erda$cUAB
=043  \\$aa-cc---$aa-ii---
=050  \4$aHN740.Z9$bC67 1975
=090  \\$aInternet Access$bAEU
=100  1\$aStott, David C.,$eauthor.
=245  10$aImprovement and reform :$ba comparative study of the village level change agent in China and India /$cby David C. Stott.
=264  \1$c[1975]
=264  \4$c©1975
=300  \\$a1 online resource (xii, 183 pages)
=336  \\$atext$btxt$2rdacontent
=337  \\$acomputer$bc$2rdamedia
=338  \\$aonline resource$bcr$2rdacarrier
=502  \\$bM.A.$cUniversity of Alberta$d1975.
=500  \\$a"A thesis submitted to the Faculty of Graduate Studies and Research in partial fulfilment of the requirements for the degree of Master of Arts in Community Development, Interdepartmental Committee in Community Development."
=504  \\$aIncludes bibliographical references (pages 176-183).
=650  \0$aCommunity development personnel$zChina.
=650  \0$aCommunity development personnel$zIndia.
=710  2\$aUniversity of Alberta.$bInterdepartmental Committee in Community Development.
=900  \\$aMK24137
=949  \\$zUAIN$zETHESIS

