=LDR  01214ntm a2200325I  4500
=001  uab09269782
=003  UAB
=005  20140916164205.0
=006  m|||||o||d||||||||
=007  cr||||||||||||
=008  140916t19751975xx\\\\\\obm\\\000\0\eng\d
=040  \\$aUAB$beng$erda$cUAB
=050  \4$aGV706.55$b.S97 1975
=090  \\$aInternet Access$bAEU
=100  1\$aSyrotuik, Janice Letitia,$eauthor.
=245  10$aFear of success in sport among adolescent girls /$cby Janice Letitia Syrotuik.
=264  \1$c[1975]
=264  \4$c©1975
=300  \\$a1 online resource (viii, 117 pages)
=336  \\$atext$btxt$2rdacontent
=337  \\$acomputer$bc$2rdamedia
=338  \\$aonline resource$bcr$2rdacarrier
=502  \\$bM.A.$cUniversity of Alberta$d1975.
=500  \\$a"A thesis submitted to the Faculty of Graduate Studies and Research in partial fulfillment of the requirements for the degree of Master of Arts, Department of Physical Education."
=504  \\$aIncludes bibliographical references (pages 73-78).
=650  \0$aSports$xPsychological aspects.
=650  \0$aFear of success.
=650  \0$aSports for girls.
=710  2\$aUniversity of Alberta.$bDepartment of Physical Education.
=900  \\$aMK24141
=949  \\$zUAIN$zETHESIS

