=LDR  01164ntm a2200301I  4500
=001  uab09269793
=003  UAB
=005  20140916165131.0
=006  m|||||o||d||||||||
=007  cr||||||||||||
=008  140916t19751975xx\\\\\\obm\\\000\0\eng\d
=040  \\$aUAB$beng$erda$cUAB
=050  \4$aGV848.6.C45$bT45 1975
=090  \\$aInternet Access$bAEU
=100  1\$aThibault, Guy,$eauthor.
=245  14$aThe influence of a competitive season of ice hockey on eight year old boys /$cby Guy Thibault.
=264  \1$c[1975]
=264  \4$c©1975
=300  \\$a1 online resource (ix, 116 pages)
=336  \\$atext$btxt$2rdacontent
=337  \\$acomputer$bc$2rdamedia
=338  \\$aonline resource$bcr$2rdacarrier
=502  \\$bM.A.$cUniversity of Alberta$d1975.
=500  \\$a"A thesis submitted to the Faculty of Graduate Studies and Research in partial fulfilment of the requirements for the degree of Master of Arts, Department of Physical Education."
=504  \\$aIncludes bibliographical references (pages 66-72).
=650  \0$aHockey for children$xPhysiological aspects.
=710  2\$aUniversity of Alberta.$bDepartment of Physical Education.
=900  \\$aMK24144
=949  \\$zUAIN$zETHESIS

