=LDR  01234ntm a2200313I  4500
=001  uab09269804
=003  UAB
=005  20140916170014.0
=006  m|||||o||d||||||||
=007  cr||||||||||||
=008  140916t19751975xx\\\\\\obm\\\000\0\eng\d
=040  \\$aUAB$beng$erda$cUAB
=050  \4$aHG4636$b.T66 1975
=090  \\$aInternet Access$bAEU
=100  1\$aTong, Wilfred Choo Cheng,$eauthor.
=245  14$aThe weak form efficient market hypothesis :$ban empirical test /$cby Wilfred Choo Cheng Tong.
=264  \1$c[1975]
=264  \4$c©1975
=300  \\$a1 online resource (ix, 169 pages)
=336  \\$atext$btxt$2rdacontent
=337  \\$acomputer$bc$2rdamedia
=338  \\$aonline resource$bcr$2rdacarrier
=502  \\$bM.B.A.$cUniversity of Alberta$d1975.
=500  \\$a"A thesis submitted to the Faculty of Graduate Studies and Research in partial fulfilment of the requirements for the degree of Master of Business Administration, Faculty of Business Administration and Commerce."
=504  \\$aIncludes bibliographical references (pages 94-96).
=650  \0$aEfficient market theory.
=650  \0$aStocks$xPrices.
=710  2\$aUniversity of Alberta.$bFaculty of Business Administration and Commerce.
=900  \\$aMK24147
=949  \\$zUAIN$zETHESIS

