=LDR  01279ntm a2200337I  4500
=001  uab09269844
=003  UAB
=005  20140916180038.0
=006  m|||||o||d||||||||
=007  cr||||||||||||
=008  140916t19751975xx\adf\\obm\\\000\0\eng\d
=040  \\$aUAB$beng$erda$cUAB
=050  \4$aQD401$b.L48 1975
=090  \\$aInternet Access$bAEU
=100  1\$aLeung, Jacqueline,$eauthor.
=245  10$aCarbon-13 magnetic resonance analysis in nitrogen heterocyclic compounds /$cby Jacqueline Leung.
=264  \1$c[1975]
=264  \4$c©1975
=300  \\$a1 online resource (xiv, 199 pages) :$billustrations
=336  \\$atext$btxt$2rdacontent
=337  \\$acomputer$bc$2rdamedia
=338  \\$aonline resource$bcr$2rdacarrier
=502  \\$bM. Sc.$cUniversity of Alberta$d1975.
=500  \\$a"A thesis submitted to the Faculty of Graduate Studies and Research in partial fulfilment of the requirements for the degree of Master of Science, Department of Chemistry."
=504  \\$aIncludes bibliographical references (pages 186-193).
=650  \0$aNitrogen compounds.
=650  \0$aHeterocyclic compounds.
=650  \0$aNuclear magnetic resonance spectroscopy.
=650  \0$aCarbon$xIsotopes.
=710  2\$aUniversity of Alberta.$bDepartment of Chemistry.
=900  \\$aMK26822
=949  \\$zUAIN$zETHESIS

