=LDR  01177ntm a2200313I  4500
=001  uab09269845
=003  UAB
=005  20140916180912.0
=006  m|||||o||d||||||||
=007  cr||||||||||||
=008  140916t19751975xx\af\\\obm\\\000\0\eng\d
=040  \\$aUAB$beng$erda$cUAB
=050  \4$aRC394.A5$bL56 1975
=090  \\$aInternet Access$bAEU
=100  1\$aLim, Carolyn,$eauthor.
=245  12$aA study of amnesic coding preference using the partial information technique /$cby Carolyn Lim.
=264  \1$c[1975]
=264  \4$c©1975
=300  \\$a1 online resource (viii, 64 pages) :$billustrations
=336  \\$atext$btxt$2rdacontent
=337  \\$acomputer$bc$2rdamedia
=338  \\$aonline resource$bcr$2rdacarrier
=502  \\$bM. Sc.$cUniversity of Alberta$d1975.
=500  \\$a"A thesis submitted to the Faculty of Graduate Studies and Research in partial fulfillment of the requirements for the degree of Master of Science, Department of Psychology."
=504  \\$aIncludes bibliographical references (pages 28-29).
=650  \0$aAmnesiacs.
=650  \0$aLearning, Psychology of.
=710  2\$aUniversity of Alberta.$bDepartment of Psychology.
=900  \\$aMK26824
=949  \\$zUAIN$zETHESIS

