=LDR  01232ntm a2200313I  4500
=001  uab09269859
=003  UAB
=005  20140916182750.0
=006  m|||||o||d||||||||
=007  cr||||||||||||
=008  140916t19751975xx\adf\\obm\\\000\0\eng\d
=040  \\$aUAB$beng$erda$cUAB
=050  \4$aQC794.6.A5$bL88 1975
=090  \\$aInternet Access$bAEU
=100  1\$aLuursema, Christiaan Willem,$eauthor.
=245  10$aPerturbed angular distribution on the 879 keV level in [superscript 70]Ga /$cby Christiaan Willem Luursema.
=264  \1$c[1975]
=264  \4$c©1975
=300  \\$a1 online resource (x, 114 pages) :$billustrations
=336  \\$atext$btxt$2rdacontent
=337  \\$acomputer$bc$2rdamedia
=338  \\$aonline resource$bcr$2rdacarrier
=502  \\$bM. Sc.$cUniversity of Alberta$d1975.
=500  \\$a"A thesis submitted to the Faculty of Graduate Studies and Research in partial fulfilment of the requirements for the degree of Master of Science, Department of Physics."
=504  \\$aIncludes bibliographical references (pages 70-71).
=650  \0$aAngular distribution (Nuclear physics)
=650  \0$aPerturbation (Quantum dynamics)
=710  2\$aUniversity of Alberta.$bDepartment of Physics.
=900  \\$aMK26830
=949  \\$zUAIN$zETHESIS

