=LDR  01131ntm a2200301I  4500
=001  uab09269870
=003  UAB
=005  20140916183907.0
=006  m|||||o||d||||||||
=007  cr||||||||||||
=008  140916t19751975xx\adf\\obm\\\000\0\eng\d
=040  \\$aUAB$beng$erda$cUAB
=050  \4$aRC850$b.M33 1975
=090  \\$aInternet Access$bAEU
=100  1\$aMcDougall, Roderick,$eauthor.
=245  10$aCholesterol cholelithiasis :$brole of the gallbladder /$cby Roderick McDougall.
=264  \1$c[1975]
=264  \4$c©1975
=300  \\$a1 online resource (xii, 72 pages) :$billustrations
=336  \\$atext$btxt$2rdacontent
=337  \\$acomputer$bc$2rdamedia
=338  \\$aonline resource$bcr$2rdacarrier
=502  \\$bM. Sc.$cUniversity of Alberta$d1975.
=500  \\$a"A thesis submitted to the Faculty of Graduate Studies and Research in partial fulfilment of the requirements for the degree of Master of Science, Department of Surgery."
=504  \\$aIncludes bibliographical references (pages [57]-72).
=650  \0$aGallstones$xTreatment.
=710  2\$aUniversity of Alberta.$bDepartment of Surgery.
=900  \\$aMK26833
=949  \\$zUAIN$zETHESIS

