=LDR  01250ntm a2200313I  4500
=001  uab09269947
=003  UAB
=005  20140917082826.0
=006  m|||||o||d||||||||
=007  cr||||||||||||
=008  140917t19751975xx\adf\\obm\\\000\0\eng\d
=040  \\$aUAB$beng$erda$cUAB
=050  \4$aRC271.B57$bM35 1975
=090  \\$aInternet Access$bAEU
=100  1\$aMcLean, John R. N.,$eauthor.
=245  10$aRadioiodinated bleomycins :$ba possible new tumor imaging agent /$cby John R.N. McLean.
=264  \1$c[1975]
=264  \4$c©1975
=300  \\$a1 online resource (xv, 180 pages) :$billustrations
=336  \\$atext$btxt$2rdacontent
=337  \\$acomputer$bc$2rdamedia
=338  \\$aonline resource$bcr$2rdacarrier
=502  \\$bM. Sc.$cUniversity of Alberta$d1975.
=500  \\$a"A thesis submitted to the Faculty of Graduate Studies and Research in partial fulfilment of the requirements for the degree of Master of Science in Radiopharmacy, Faculty of Pharmacy and Pharmaceutical Sciences."
=504  \\$aIncludes bibliographical references (pages 165-170).
=650  \0$aBleomycin$xRadioiodination.
=650  \0$aCancer$xTreatment.
=710  2\$aUniversity of Alberta.$bFaculty of Pharmacy and Pharmaceutical Sciences.
=900  \\$AMK26836
=949  \\$zUAIN$zETHESIS

