=LDR  01214ntm a2200313I  4500
=001  uab09269952
=003  UAB
=005  20140917090102.0
=006  m|||||o||d||||||||
=007  cr||||||||||||
=008  140917t19751975xx\adf\\obm\\\000\0\eng\d
=040  \\$aUAB$beng$erda$cUAB
=050  \4$aQP99.3.B5$bM34 1975
=090  \\$aInternet Access$bAEU
=100  1\$aMagee, David J.,$eauthor.
=245  14$aThe effect of therapeutic ultrasound on the level of blood sugar in the human body /$cby David J. Magee.
=264  \1$c[1975]
=264  \4$c©1975
=300  \\$a1 online resource (x, 85 pages) :$billustrations
=336  \\$atext$btxt$2rdacontent
=337  \\$acomputer$bc$2rdamedia
=338  \\$aonline resource$bcr$2rdacarrier
=502  \\$bM. Sc.$cUniversity of Alberta$d1975.
=500  \\$a"A thesis submitted to the Faculty of Graduate Studies and Research in partial fulfilment of the requirements for the degree of Master of Science, Department of Physical Education."
=504  \\$aIncludes bibliographical references (pages 48-57).
=650  \0$aBlood sugar.
=650  \0$aUltrasonic waves$xTherapeutic use.
=710  2\$aUniversity of Alberta.$bDepartment of Physical Education.
=900  \\$AMK26838
=949  \\$zUAIN$zETHESIS

