=LDR  01183ntm a2200301I  4500
=001  uab09270073
=003  UAB
=005  20140917111203.0
=006  m|||||o||d||||||||
=007  cr||||||||||||
=008  140917t19751975xx\adf\\obm\\\000\0\eng\d
=040  \\$aUAB$beng$erda$cUAB
=050  \4$aQP552.A439$bO34 1975
=090  \\$aInternet Access$bAEU
=100  1\$aO'Keefe, David Wayne,$eauthor.
=245  10$aCell-free studies on the synthesis and regulation of alpha-fetoprotein /$cby David Wayne O'Keefe.
=264  \1$c[1975]
=264  \4$c©1975
=300  \\$a1 online resource (xiii, 86 pages) :$billustrations
=336  \\$atext$btxt$2rdacontent
=337  \\$acomputer$bc$2rdamedia
=338  \\$aonline resource$bcr$2rdacarrier
=502  \\$bM. Sc.$cUniversity of Alberta$d1975.
=500  \\$a"A thesis submitted to the Faculty of Graduate Studies and Research in partial fulfilment of the requirements for the degree of Master of Science, Department of Biochemistry."
=504  \\$aIncludes bibliographical references (pages 80-86).
=650  \0$aAlpha fetoproteins$xSynthesis$xRegulation.
=710  2\$aUniversity of Alberta.$bDepartment of Biochemistry.
=900  \\$aMK26870
=949  \\$zUAIN$zETHESIS

