=LDR  01176ntm a2200313I  4500
=001  uab09270079
=003  UAB
=005  20140917111642.0
=006  m|||||o||d||||||||
=007  cr||||||||||||
=008  140917t19751975xx\\\\\\obm\\\000\0deng\d
=040  \\$aUAB$beng$erda$cUAB
=050  \4$aPR2819$b.O44 1975
=090  \\$aInternet Access$bAEU
=100  1\$aOlenuk, Thomas Michael Christian,$eauthor.
=245  10$aKing Lear and the problem of evil /$cby Thomas Michael Christian Olenuk.
=264  \1$c[1975]
=264  \4$c©1975
=300  \\$a1 online resource (viii, 114 pages)
=336  \\$atext$btxt$2rdacontent
=337  \\$acomputer$bc$2rdamedia
=338  \\$aonline resource$bcr$2rdacarrier
=502  \\$bM.A.$cUniversity of Alberta$d1975.
=500  \\$a"A thesis submitted to the Faculty of Graduate Studies and Research in partial fulfilment of the requirements for the degree of Master of Arts, Department of English."
=504  \\$aIncludes bibliographical references (pages 96-114).
=600  10$aShakespeare, William,$d1564-1616.$tKing Lear.
=650  \0$aEvil in literature.
=710  2\$aUniversity of Alberta.$bDepartment of English.
=900  \\$aMK26871
=949  \\$zUAIN$zETHESIS

