=LDR  01152ntm a2200313I  4500
=001  uab09270091
=003  UAB
=005  20140917113410.0
=006  m|||||o||d||||||||
=007  cr||||||||||||
=008  140917t19751975xx\adf\\obm\\\000\0\eng\d
=040  \\$aUAB$beng$erda$cUAB
=050  \4$aQK629.N5$bP35 1975
=090  \\$aInternet Access$bAEU
=100  1\$aPaice, Michael G.,$d1949-$eauthor.
=245  10$aMetabolites of Cyathus bulleri /$cby Michael Geoffrey Paice.
=264  \1$c[1975]
=264  \4$c©1975
=300  \\$a1 online resource (xii, 133 pages) :$billustrations
=336  \\$atext$btxt$2rdacontent
=337  \\$acomputer$bc$2rdamedia
=338  \\$aonline resource$bcr$2rdacarrier
=502  \\$bM. Sc.$cUniversity of Alberta$d1975.
=500  \\$a"A thesis submitted to the Faculty of Graduate Studies and Research in partial fulfilment of the requirements for the degree of Master of Science, Department of Chemistry."
=504  \\$aIncludes bibliographical references (pages 128-132).
=650  \0$aNidulariaceae.
=650  \0$aFungal metabolites.
=710  2\$aUniversity of Alberta.$bDepartment of Chemistry.
=900  \\$aMK26880
=949  \\$zUAIN$zETHESIS

