=LDR  01153ntm a2200313I  4500
=001  uab09270559
=003  UAB
=005  20140918103213.0
=006  m|||||o||d||||||||
=007  cr||||||||||||
=008  140918t19751975xx\\\\\\obm\\\000\0\eng\d
=040  \\$aUAB$beng$erda$cUAB
=050  \4$aBF371$b.P48 1975
=090  \\$aInternet Access$bAEU
=100  1\$aPetruk, Randolph Michael John,$eauthor.
=245  14$aThe stimulus component independence phenomenon /$cby Randolph Michael John Petruk.
=264  \1$c[1975]
=264  \4$c©1975
=300  \\$a1 online resource (vii, 61 pages)
=336  \\$atext$btxt$2rdacontent
=337  \\$acomputer$bc$2rdamedia
=338  \\$aonline resource$bcr$2rdacarrier
=502  \\$bM. Sc.$cUniversity of Alberta$d1975.
=500  \\$a"A thesis submitted to the Faculty of Graduate Studies and Research in partial fulfilment of the requirements for the degree of Master of Science, Department of Psychology."
=504  \\$aIncludes bibliographical references (page 25).
=650  \0$aMemory.
=650  \0$aLearning, Psychology of.
=710  2\$aUniversity of Alberta.$bDepartment of Psychology.
=900  \\$aMK26885
=949  \\$zUAIN$zETHESIS

