=LDR  01229ntm a2200313I  4500
=001  uab09270689
=003  UAB
=005  20140918122824.0
=006  m|||||o||d||||||||
=007  cr||||||||||||
=008  140918t19751976xx\acf\\obm\\\000\0\eng\d
=040  \\$aUAB$beng$erda$cUAB
=050  \4$aP93.5$b.P79 1975
=090  \\$aInternet Access$bAEU
=100  1\$aPrygrocki, Greg,$eauthor.
=245  13$aAn introduction to graphic communication /$cby Greg Prygrocki.
=264  \1$c[1975]
=264  \4$c©1976
=300  \\$a1 online resource (1 volume (unpaged)) :$billustrations, portraits
=336  \\$atext$btxt$2rdacontent
=337  \\$acomputer$bc$2rdamedia
=338  \\$aonline resource$bcr$2rdacarrier
=502  \\$bMaster of Visual Arts$cUniversity of Alberta$d1975.
=500  \\$a"A thesis submitted to the Faculty of Graduate Studies and Research in partial fulfilment of the requirements for the degree of Master of Visual Arts in Visual Communication Design, Department of Art and Design."
=504  \\$aIncludes bibliographical references (pages [53]-[56]).
=650  \0$aVisual communication.
=650  \0$aCommunication in art.
=710  2\$aUniversity of Alberta.$bDepartment of Art and Design.
=900  \\$aMK26894
=949  \\$zUAIN$zETHESIS

