=LDR  01207ntm a2200313I  4500
=001  uab09270731
=003  UAB
=005  20140918135407.0
=006  m|||||o||d||||||||
=007  cr||||||||||||
=008  140918t19751975xx\adf\\obm\\\000\0\eng\d
=040  \\$aUAB$beng$erda$cUAB
=050  \4$aQP482.5$b.S45 1975
=090  \\$aInternet Access$bAEU
=100  1\$aSeither, Ludwig,$eauthor.
=245  10$aTemporal response characteristics of the visual system :$btwo-pulse difference thresholds and two-pulse brightness /$cby Ludwig Seither.
=264  \1$c[1975]
=264  \4$c©1975
=300  \\$a1 online resource (xiv, 166 pages) :$billustrations
=336  \\$atext$btxt$2rdacontent
=337  \\$acomputer$bc$2rdamedia
=338  \\$aonline resource$bcr$2rdacarrier
=502  \\$bM. Sc.$cUniversity of Alberta$d1975.
=500  \\$a"A thesis submitted to the Faculty of Graduate Studies and Research in partial fulfillment of the requirements for the degree of Master of Science, Department of Psychology."
=504  \\$aIncludes bibliographical references (pages 88-96).
=650  \0$aAfter-images.
=650  \0$aVision.
=710  2\$aUniversity of Alberta.$bDepartment of Psychology.
=900  \\$aMK26912
=949  \\$zUAIN$zETHESIS

