=LDR  01296ntm a2200325I  4500
=001  uab09270750
=003  UAB
=005  20140918140749.0
=006  m|||||o||d||||||||
=007  cr||||||||||||
=008  140918t19751975xx\bdf\\obm\\\000\0\eng\d
=040  \\$aUAB$beng$erda$cUAB
=043  \\$an-cn-ab
=050  \4$aHN110.E36$bS63 1975
=090  \\$aInternet Access$bAEU
=100  1\$aSoderstrom, Roger Wm.,$eauthor.
=245  13$aAn analysis of the Edmonton Social Planning Council /$cby Roger Wm. Soderstrom.
=264  \1$c[1975]
=264  \4$c©1975
=300  \\$a1 online resource (vii, 139 pages) :$billustrations, maps
=336  \\$atext$btxt$2rdacontent
=337  \\$acomputer$bc$2rdamedia
=338  \\$aonline resource$bcr$2rdacarrier
=502  \\$bM.A.$cUniversity of Alberta$d1975.
=500  \\$a"A thesis submitted to the Faculty of Graduate Studies in partial fulfilment of the requirements for the degree of Master of Arts in Community Development, Department of Division of Community Development."
=504  \\$aIncludes bibliographical references (pages 128-133).
=610  20$aEdmonton Social Planning Council.
=650  \0$aCommunity development$zAlberta $zEdmonton.
=710  2\$aUniversity of Alberta.$bDepartment of Division of Community Development.
=900  \\$aMK26921
=949  \\$zUAIN$zETHESIS

