=LDR  01187ntm a2200313I  4500
=001  uab09270773
=003  UAB
=005  20140918142342.0
=006  m|||||o||d||||||||
=007  cr||||||||||||
=008  140918t19751975xx\af\\\obm\\\000\0\eng\d
=040  \\$aUAB$beng$erda$cUAB
=050  \4$aQA76.53$b.S73 1975
=090  \\$aInternet Access$bAEU
=100  1\$aStanley-Jones, Arthur R.,$eauthor.
=245  13$aAn inquiry service oriented supervisor /$cby Arthur R. Stanley-Jones.
=264  \1$c[1975]
=264  \4$c©1975
=300  \\$a1 online resource (ix, 130 pages) :$billustrations
=336  \\$atext$btxt$2rdacontent
=337  \\$acomputer$bc$2rdamedia
=338  \\$aonline resource$bcr$2rdacarrier
=502  \\$bM. Sc.$cUniversity of Alberta$d1975.
=500  \\$a"A thesis submitted to the Faculty of Graduate Studies and Research in partial fulfillment of the requirements for the degree of Master of Science, Department of Computing Science."
=504  \\$aIncludes bibliographical references (pages 95-97).
=650  \0$aTime-sharing computer systems.
=650  \0$aQueuing theory.
=710  2\$aUniversity of Alberta.$bDepartment of Computing Science.
=900  \\$aMK26926
=949  \\$zUAIN$zETHESIS

