=LDR  01252ntm a2200313I  4500
=001  uab09270851
=003  UAB
=005  20140918151155.0
=006  m|||||o||d||||||||
=007  cr||||||||||||
=008  140918t19751975xx\adf\\obm\\\000\0\eng\d
=040  \\$aUAB$beng$erda$cUAB
=050  \4$aQP609.A4$bT74 1975
=090  \\$aInternet Access$bAEU
=100  1\$aTrepanier, Joan Marguerite,$eauthor.
=245  10$aPurification and some properties of human tissue alkaline phosphatases /$cby Joan Marguerite Trepanier.
=264  \1$c[1975]
=264  \4$c©1975
=300  \\$a1 online resource (xvii, 130 pages) :$billustrations
=336  \\$atext$btxt$2rdacontent
=337  \\$acomputer$bc$2rdamedia
=338  \\$aonline resource$bcr$2rdacarrier
=502  \\$bM. Sc.$cUniversity of Alberta$d1975.
=500  \\$a"A thesis submitted to the Faculty of Graduate Studies and Research in partial fulfillment of the requirements for the degree of Master of Science in Medical Laboratory Science, Department of Pathology."
=504  \\$aIncludes bibliographical references (pages 116-130).
=650  \0$aAlkaline phosphatase.
=650  \0$aAlkaline phosphatase$xPurification.
=710  2\$aUniversity of Alberta.$bDepartment of Pathology.
=900  \\$aMK26940
=949  \\$zUAIN$zETHESIS

