=LDR  01414ntm a2200313I  4500
=001  uab09270864
=003  UAB
=005  20140918152021.0
=006  m|||||o||d||||||||
=007  cr||||||||||||
=008  140918t19751975xx\d\\\\obm\\\000\0\eng\d
=040  \\$aUAB$beng$erda$cUAB
=043  \\$an-cn-ab
=050  \4$aRA983.A4$bA39 1975
=090  \\$aInternet Access$bAEU
=100  1\$aWallace, E. Patricia,$eauthor.
=245  10$aEconometric estimates of administrative and nursing service cost functions in the Alberta hospital system /$cby E. Patricia Wallace.
=264  \1$c[1975]
=264  \4$c©1975
=300  \\$a1 online resource (x, 116 pages) :$billustrations
=336  \\$atext$btxt$2rdacontent
=337  \\$acomputer$bc$2rdamedia
=338  \\$aonline resource$bcr$2rdacarrier
=502  \\$bMaster of Health Services Administration$cUniversity of Alberta$d1975.
=500  \\$a"A thesis submitted to the Faculty of Graduate Studies and Research in partial fulfilment of the requirements for the degree of Master of Health Services Administration, Division of Health Services Administration, Department of Community Medicine."
=504  \\$aIncludes bibliographical references (pages 105-108).
=650  \0$aHospitals$zAlberta$xCost of operation$xEconometric models.
=710  2\$aUniversity of Alberta.$bDivision of Health Services Administration.$bDepartment of Community Medicine.
=900  \\$aMK26946
=949  \\$zUAIN$zETHESIS

