=LDR  01365ntm a2200325I  4500
=001  uab09270942
=003  UAB
=005  20140918180124.0
=006  m|||||o||d||||||||
=007  cr||||||||||||
=008  140918t19751975xx\df\\\obm\\\000\0\eng\d
=040  \\$aUAB$beng$erda$cUAB
=043  \\$an-cn-bc
=050  \4$aSF994.4.G7$bW55 1975
=090  \\$aInternet Access$bAEU
=100  1\$aWilliams, Norman A.,$eauthor.
=245  14$aThe epizootiology of avian hematozoa in birds from Comox Burn, Vancouver Island with emphasis on blue grouse, Leucocytozoon, and its vectors /$cby Norman A. Williams.
=264  \1$c[1975]
=264  \4$c©1975
=300  \\$a1 online resource (ix, 115 pages) :$billustrations
=336  \\$atext$btxt$2rdacontent
=337  \\$acomputer$bc$2rdamedia
=338  \\$aonline resource$bcr$2rdacarrier
=502  \\$bM. Sc.$cUniversity of Alberta$d1975.
=500  \\$a"A thesis submitted to the Faculty of Graduate Studies and Research in partial fulfillment of the requirements for the degree of Master of Science, Department of Zoology."
=504  \\$aIncludes bibliographical references (pages 96-103).
=650  \0$aBlue grouse$xDiseases$xEpidemiology$zBritish Columbia $zVancouver Island.
=650  \0$aLeucocytozoon$zBritish Columbia $zVancouver Island.
=710  2\$aUniversity of Alberta.$bDepartment of Zoology.
=900  \\$aMK26955
=949  \\$zUAIN$zETHESIS

