=LDR  01530ntm a2200385I  4500
=001  uab09270954
=003  UAB
=005  20140918183413.0
=006  m|||||o||d||||||||
=007  cr||||||||||||
=008  140918t19761976xx\df\\\obm\\\000\0\eng\d
=040  \\$aUAB$beng$erda$cUAB
=050  \4$aPG2175$b.J66 1976
=090  \\$aInternet Access$bAEU
=100  1\$aJonas, Libuse,$eauthor.
=245  14$aThe semantics of Russian and Czech verbal prefixes :$ba comparison /$cby Libuse Jonas.
=264  \1$c[1976]
=264  \4$c©1976
=300  \\$a1 online resource (ix, 68 pages) :$billustrations
=336  \\$atext$btxt$2rdacontent
=337  \\$acomputer$bc$2rdamedia
=338  \\$aonline resource$bcr$2rdacarrier
=502  \\$bM.A.$cUniversity of Alberta$d1976.
=500  \\$a"A thesis submitted to the Faculty of Graduate Studies and Research in partial fulfilment of the requirements for the degree of Master of Arts in Slavic Linguistics, Department of Slavic Languages."
=504  \\$aIncludes bibliographical references (pages 63-68).
=650  \0$aRussian language$xSuffixes and prefixes.
=650  \0$aRussian language$xVerb.
=650  \0$aRussian language$xSemantics.
=650  \0$aRussian language$xGrammar, Comparative$xCzech.
=650  \0$aCzech language$xSuffixes and prefixes.
=650  \0$aCzech language$xVerb.
=650  \0$aCzech language$xSemantics.
=650  \0$aCzech language$xGrammar, Comparative$xRussian.
=710  2\$aUniversity of Alberta.$bDepartment of Slavic Languages.
=900  \\$aMK27671
=949  \\$zUAIN$zETHESIS

