=LDR  01177ntm a2200313I  4500
=001  uab09270959
=003  UAB
=005  20140918185042.0
=006  m|||||o||d||||||||
=007  cr||||||||||||
=008  140918t19761976xx\\\\\\obm\\\000\0deng\d
=040  \\$aUAB$beng$erda$cUAB
=050  \4$aPT2668.A5$bL43 1976
=090  \\$aInternet Access$bAEU
=100  1\$aLéauté, Karin,$eauthor.
=245  14$aThe influence of structuralism on Peter Handke's work /$cby Karin Léauté.
=264  \1$c[1976]
=264  \4$c©1976
=300  \\$a1 online resource (vii, 79 pages)
=336  \\$atext$btxt$2rdacontent
=337  \\$acomputer$bc$2rdamedia
=338  \\$aonline resource$bcr$2rdacarrier
=502  \\$bM.A.$cUniversity of Alberta$d1976.
=500  \\$a"A thesis submitted to the Faculty of Graduate Studies and Research in partial fulfilment of the requirements for the degree of Master of Arts, Department of Germanic Languages."
=504  \\$aIncludes bibliographical references (pages 73-79).
=600  10$aHandke, Peter$xCriticism and interpretation.
=650  \0$aStructuralism.
=710  2\$aUniversity of Alberta.$bDepartment of Germanic Languages.
=900  \\$aMK27683
=949  \\$zUAIN$zETHESIS

