=LDR  01457ntm a2200325I  4500
=001  uab09271063
=003  UAB
=005  20140919092445.0
=006  m|||||o||d||||||||
=007  cr||||||||||||
=008  140919t19761976xx\\\\\\obm\\\000\0beng\d
=040  \\$aUAB$beng$erda$cUAB
=050  \4$aDA237.P45$bM36 1976
=090  \\$aInternet Access$bAEU
=100  1\$aMcMurchy, Janis Craig,$eauthor.
=245  14$aThe coronation and churching of Queen Philippa in the fourth year of the reign of Edward III of England :$bincluding an unpublished great wardrobe indenture relating to these occasions /$cby Janis Craig McMurchy.
=264  \1$c[1976]
=264  \4$c©1976
=300  \\$a1 online resource (vii, 107 pages)
=336  \\$atext$btxt$2rdacontent
=337  \\$acomputer$bc$2rdamedia
=338  \\$aonline resource$bcr$2rdacarrier
=502  \\$bM.A.$cUniversity of Alberta$d1976.
=500  \\$a"A thesis submitted to the Faculty of Graduate Studies and Research in partial fulment of the requirements for the degree of Master of Arts, Department of History."
=504  \\$aIncludes bibliographical references (pages 82-94).
=590  \\$aLibrary copy imperfect: many pages are unreadable.
=600  00$aPhilippa,$cQueen, consort of Edward III, King of England,$d-1369$xCoronation.
=600  00$aPhilippa,$cQueen, consort of Edward III, King of England,$d-1369$xClothing.
=710  2\$aUniversity of Alberta.$bDepartment of History.
=900  \\$aMK27698
=949  \\$zUAIN$zETHESIS

