=LDR  01184ntm a2200313I  4500
=001  uab09271133
=003  UAB
=005  20140919111557.0
=006  m|||||o||d||||||||
=007  cr||||||||||||
=008  140919t19761976xx\ad\\\obm\\\000\0\eng\d
=040  \\$aUAB$beng$erda$cUAB
=050  \4$aQC174.17.P45$bN4 1976
=090  \\$aInternet Access$bAEU
=100  1\$aNg, Ching-Wo,$eauthor.
=245  10$aPerturbation of initial-value equations in general relativity /$cby Ching-Wo Ng.
=264  \1$c[1976]
=264  \4$c©1976
=300  \\$a1 online resource (x, 128 pages) :$billustrations
=336  \\$atext$btxt$2rdacontent
=337  \\$acomputer$bc$2rdamedia
=338  \\$aonline resource$bcr$2rdacarrier
=502  \\$bM. Sc.$cUniversity of Alberta$d1976.
=500  \\$a"A thesis submitted to the Faculty of Graduate Studies and Research in partial fulfillment of the requirements for the degree of Master of Science, Department of Physics."
=504  \\$aIncludes bibliographical references (pages 126-128).
=650  \0$aPerturbation (Quantum dynamics)
=650  \0$aGeneral relativity (Physics)
=710  2\$aUniversity of Alberta.$bDepartment of Physics.
=900  \\$aMK27716
=949  \\$zUAIN$zETHESIS

