=LDR  01173ntm a2200313I  4500
=001  uab09271154
=003  UAB
=005  20140919115210.0
=006  m|||||o||d||||||||
=007  cr||||||||||||
=008  140919t19761976xx\adf\\obm\\\000\0\eng\d
=040  \\$aUAB$beng$erda$cUAB
=050  \4$aTJ223.M53$bS36 1976
=090  \\$aInternet Access$bAEU
=100  1\$aSchneider, L. R.,$eauthor.
=245  12$aA three mode frequency feedback controller /$cby L.R. Schneider.
=264  \1$c[1976]
=264  \4$c©1976
=300  \\$a1 online resource (x, 67 pages) :$billustrations
=336  \\$atext$btxt$2rdacontent
=337  \\$acomputer$bc$2rdamedia
=338  \\$aonline resource$bcr$2rdacarrier
=502  \\$bM. Sc.$cUniversity of Alberta$d1976.
=500  \\$a"A thesis submitted to the Faculty of Graduate Studies in partial fulfilment of the requirements for the degree of Master of Science, Department of Electrical Engineering."
=504  \\$aIncludes bibliographical references (pages 46-47).
=650  \0$aDigital control systems.
=650  \0$aFeedback control systems.
=710  2\$aUniversity of Alberta.$bDepartment of Electrical Engineering.
=900  \\$aMK27731
=949  \\$zUAIN$zETHESIS

