=LDR  01218ntm a2200325I  4500
=001  uab09271162
=003  UAB
=005  20140919115941.0
=006  m|||||o||d||||||||
=007  cr||||||||||||
=008  140919t19761976xx\adf\\obm\\\000\0\eng\d
=040  \\$aUAB$beng$erda$cUAB
=050  \4$aQR186.7$b.S38 1976
=090  \\$aInternet Access$bAEU
=100  1\$aSchuller, Rita,$eauthor.
=245  10$aPurification of immunoglobulin heavy chain mRNA's and their use in hybridization studies /$cby Rita Schuller.
=264  \1$c[1976]
=264  \4$c©1976
=300  \\$a1 online resource (xiii, 114 pages) :$billustrations
=336  \\$atext$btxt$2rdacontent
=337  \\$acomputer$bc$2rdamedia
=338  \\$aonline resource$bcr$2rdacarrier
=502  \\$bM. Sc.$cUniversity of Alberta$d1976.
=500  \\$a"A thesis submitted to the Faculty of Graduate Studies and Research in partial fulfilment of the requirements for the degree of Master of Science, Department of Genetics."
=504  \\$aIncludes bibliographical references (pages 110-114).
=650  \0$aImmunoglobulins.
=650  \0$aMessenger RNA.
=650  \0$aHybridization.
=710  2\$aUniversity of Alberta.$bDepartment of Genetics.
=900  \\$aMK27732
=949  \\$zUAIN$zETHESIS

