=LDR  01289ntm a2200337I  4500
=001  uab09271169
=003  UAB
=005  20140919120553.0
=006  m|||||o||d||||||||
=007  cr||||||||||||
=008  140919t19761976xx\af\\\obm\\\000\0\eng\d
=040  \\$aUAB$beng$erda$cUAB
=050  \4$aSF995.6.F3$bS47 1976
=090  \\$aInternet Access$bAEU
=100  1\$aSerrano, Juan J.,$eauthor.
=245  10$aEffects of biotin on fatty liver disorders in poultry /$cby Juan J. Serrano.
=264  \1$c[1976]
=264  \4$c©1976
=300  \\$a1 online resource (xi, 59 pages) :$billustrations
=336  \\$atext$btxt$2rdacontent
=337  \\$acomputer$bc$2rdamedia
=338  \\$aonline resource$bcr$2rdacarrier
=502  \\$bM. Sc.$cUniversity of Alberta$d1976.
=500  \\$a"A thesis submitted to the Faculty of Graduate Studies and Research in partial fulfilment of the requirements for the degree of Master of Science in Poultry Nutrition, Department of Animal Science."
=504  \\$aIncludes bibliographical references (pages 48-53).
=590  \\$aLibrary copy imperfect: faded throughout.
=650  \0$aFatty liver syndrome of chickens.
=650  \0$aPoultry$xDiseases.
=650  \0$aBiotin.
=710  2\$aUniversity of Alberta.$bDepartment of Animal Science.
=900  \\$aMK27735
=949  \\$zUAIN$zETHESIS

