=LDR  01173ntm a2200301I  4500
=001  uab09271173
=003  UAB
=005  20140919121227.0
=006  m|||||o||d||||||||
=007  cr||||||||||||
=008  140919t19761976xx\af\\\obm\\\000\0\eng\d
=040  \\$aUAB$beng$erda$cUAB
=050  \4$aQK625.A1$bS54 1976
=090  \\$aInternet Access$bAEU
=100  1\$aSigler, Lynne,$eauthor.
=245  10$aTaxonomy of Malbranchea and some other hyphomycetes with arthroconidia /$cby Lynne Sigler.
=264  \1$c[1976]
=264  \4$c©1976
=300  \\$a1 online resource (xiii, 260 pages) :$billustrations
=336  \\$atext$btxt$2rdacontent
=337  \\$acomputer$bc$2rdamedia
=338  \\$aonline resource$bcr$2rdacarrier
=502  \\$bM. Sc.$cUniversity of Alberta$d1976.
=500  \\$a"A thesis submitted to the Faculty of Graduate Studies and Research in partial fulfilment of the requirements for the degree of Master of Science, Department of Medical Bacteriology."
=504  \\$aIncludes bibliographical references (pages 237-252).
=650  \0$aHyphomycetes$vClassification.
=710  2\$aUniversity of Alberta.$bDepartment of Medical Bacteriology.
=900  \\$aMK27736
=949  \\$zUAIN$zETHESIS

