=LDR  01192ntm a2200313I  4500
=001  uab09271201
=003  UAB
=005  20140919123720.0
=006  m|||||o||d||||||||
=007  cr||||||||||||
=008  140919t19761976xx\af\\\obm\\\000\0\eng\d
=040  \\$aUAB$beng$erda$cUAB
=050  \4$aQK494.5.E5$bS86 1976
=090  \\$aInternet Access$bAEU
=100  1\$aSumner, Michael John,$eauthor.
=245  10$aAspects of ovule and megagametophyte development in Ephedra nevadensis /$cby Michael John Sumner.
=264  \1$c[1976]
=264  \4$c©1976
=300  \\$a1 online resource (xi, 67 pages) :$billustrations
=336  \\$atext$btxt$2rdacontent
=337  \\$acomputer$bc$2rdamedia
=338  \\$aonline resource$bcr$2rdacarrier
=502  \\$bM. Sc.$cUniversity of Alberta$d1976.
=500  \\$a"A thesis submitted to the Faculty of Graduate Studies and Research in partial fulfillment of the requirements for the degree of Master of Science in Plant Anatomy, Department of Botany."
=504  \\$aIncludes bibliographical references (pages [65]-67).
=650  \0$aEphedra$xDevelopment.
=650  \0$aOvules.
=710  2\$aUniversity of Alberta.$bDepartment of Botany.
=900  \\$aMK27742
=949  \\$zUAIN$zETHESIS

