=LDR  01244ntm a2200313I  4500
=001  uab09271218
=003  UAB
=005  20140919125357.0
=006  m|||||o||d||||||||
=007  cr||||||||||||
=008  140919t19761976xx\adf\\obm\\\000\0\eng\d
=040  \\$aUAB$beng$erda$cUAB
=050  \4$aQL638.S2$bT75 1976
=090  \\$aInternet Access$bAEU
=100  1\$aTsin, Andrew Tsang-Cheung,$eauthor.
=245  14$aThe effects of light, temperature and exogenous thyroxine on visual pigment composition of juvenile rainbow trout, Salmo gairdneri /$cby Andrew Tsang-Cheung Tsin.
=264  \1$c[1976]
=264  \4$c©1976
=300  \\$a1 online resource (x, 114 pages) :$billustrations
=336  \\$atext$btxt$2rdacontent
=337  \\$acomputer$bc$2rdamedia
=338  \\$aonline resource$bcr$2rdacarrier
=502  \\$bM. Sc.$cUniversity of Alberta$d1976.
=500  \\$a"A thesis submitted to the Faculty of Graduate Studies and Research in partial fulfilment of the requirements for the degree of Master of Science, Department of Zoology."
=504  \\$aIncludes bibliographical references (pages 59-63).
=650  \0$aRainbow trout.
=650  \0$aVisual pigments.
=710  2\$aUniversity of Alberta.$bDepartment of Zoology.
=900  \\$aMK27749
=949  \\$zUAIN$zETHESIS

